4859 5200
1197 644 1494 746 *tium

745 783 851 859 litatis
869 782 1011 854 nubilum
1015 777 1098 873 suae
1117 777 1220 850 radiis
1241 786 1349 875 expiat
1368 779 1536 849 claritatis.
1592 778 1678 847 Haec
1698 773 1945 872 eslfundemeu·

748 874 818 960 tum
836 891 998 956 uirtutum
1016 889 1172 972 omnium,
1194 874 1278 978 ydus
1295 878 1458 950 irradians
1470 935 1477 965 ,
1489 876 1576 973 slella
1591 884 1729 962 micans,
1749 877 1854 973 stolam*
1866 873 1956 969 iusti·

742 988 815 1061 ‘tiae
852 986 1135 1080 intelligentiaeque
1154 987 1382 1077 praeueniens,
1400 999 1571 1076 perquam
1596 977 1666 1046 dies
1690 986 1795 1049 oritur
1811 985 1960 1071 gratiae,

749 1110 843 1189 quoqu
859 1084 928 1155 dits
941 1086 1062 1177 gloriae
1067 1082 1284 1179 subsequitur.
1305 1106 1310 1115 “
1336 1082 1498 1165 Revera,
1518 1085 1664 1174 princeps
1685 1077 1867 1172 magnifice,
1890 1083 1961 1145 tuis

715 1184 719 1192 ’
750 1198 785 1262 in
801 1186 872 1259 orbe
890 1206 1050 1255 terrarum
1069 1189 1177 1252 titulis
1189 1179 1356 1275 plenitudo
1370 1178 1523 1273 gloriosse
1538 1178 1647 1248 laudis
1665 1180 1843 1265 accederet,
1859 1201 1961 1246 acuo·

748 1294 846 1362 minis
860 1293 911 1357 tui
918 1284 1015 1377 sama
1033 1291 1143 1376 iugens
1153 1280 1324 1375 susciperet
1338 1288 1583 1368 incrementum,
1592 1278 1626 1372 st
1642 1299 1674 1348 te
1689 1299 1755 1348 tarn
1770 1300 1881 1374 purae,
1892 1299 1961 1348 tarn

644 1394 648 1429 ¹
742 1387 888 1485 solidae,
906 1406 1036 1482 tamque
1046 1382 1241 1477 salutiferae
1252 1380 1335 1473 fidei
1349 1380 1544 1476 amplexibus
1558 1379 1703 1450 dulcibus
1721 1380 1887 1474 copulans,
1916 1396 1961 1447 te-

652 1498 666 1537 *
752 1489 911 1590 qlseilius
934 1485 1084 1557 exbibens
1108 1492 1314 1577 cogrsr'tarem,
1336 1480 1534 1576 proscsorem
1567 1478 1744 1574 ostendeus,
1771 1480 1964 1576 baptismum

752 1590 884 1665 duceres
898 1584 1117 1681 assumendum.
1159 1582 1307 1654 Grandia
1324 1579 1600 1681 quoquefupernis
1616 1579 1731 1650 exinde
1745 1581 1866 1674 gaudio
1882 1587 1962 1650 ciui·

753 1692 812 1765 bus
827 1694 1008 1774 orirentur,
1032 1689 1209 1757 laetaretur
1234 1692 1269 1753 in
1286 1681 1467 1774 immensum
1492 1680 1647 1771 Eccleso,
1673 1705 1754 1779 quae
1773 1706 1881 1775 rugam
1898 1704 1963 1752 non

645 1820 654 1831 ··
752 1791 874 1875 babet,
911 1782 1066 1855 maculam
1086 1811 1149 1856 non
1170 1784 1335 1877 agnoscit,
1382 1783 1556 1875 stantum
1575 1801 1703 1879 tamque
1722 1802 1883 1878 potentem
1901 1785 1966 1852 Re·

751 1912 820 1985 gent
835 1886 900 1980 fibi
914 1884 1064 1955 deuotum
1082 1893 1115 1955 in
1123 1883 1233 1976 filiurn
1261 1886 1465 1969 veridicaret,
1498 1890 1621 1979 totique
1649 1886 1763 1977 populo
1792 1883 1966 1979 Clrsrsliouo

756 1989 798 2063 de
816 2009 882 2058 tam
897 1984 1054 2080 magnifici
1065 1994 1238 2080 principis,
1256 2007 1288 2053 es
1304 2006 1362 2079 per
1378 2007 1447 2052 eum
1463 1990 1646 2055 innumerae
1662 2006 1701 2053 ot
1710 1983 1872 2078 speratur,
1882 1985 1968 2055 mul·

757 2078 913 2161 titudinis
937 2088 1074 2157 oliorum
1098 2087 1292 2176 conuerfione
1295 2084 1422 2177 salubri
1454 2083 1570 2179 copiosa
1597 2087 1807 2156 exultationis
1832 2093 1968 2156 materia

752 2188 967 2289 praeberetur.
1015 2188 1206 2259 Excitarnus
1240 2195 1349 2283 itaque
1372 2183 1621 2278 magnitudinem
1649 2193 1785 2280 regiam,
1801 2208 1832 2255 et
1857 2189 1970 2277 borsa·

757 2315 831 2363 suus
847 2295 1031 2363 attentius;
1050 2287 1193 2383 tibique,
1210 2295 1300 2356 cuius
1317 2293 1352 2356 in
1378 2289 1435 2355 bac
1468 2304 1561 2380 parte
1581 2284 1721 2377 salutem
1748 2296 1971 2384 exquirimus,

751 2389 834 2488 sotto·
849 2409 883 2460 et
890 2386 1018 2486 ssnsero
1034 2389 1156 2481 confilio
1168 2386 1364 2479 suadenncs,
1378 2405 1536 2482 quatenus
1552 2389 1621 2456 alta
1637 2408 1670 2456 et
1684 2385 1801 2478 sedula
1831 2386 1971 2459 medita·

758 2501 844 2565 tione
861 2496 1059 2583 recogitans,
1103 2514 1197 2585 quam
1205 2488 1340 2579 fragilis
1357 2509 1388 2553 et
1406 2485 1522 2555 caduca
1538 2489 1693 2556 humanae
1708 2510 1843 2559 naturae
1862 2488 1970 2559 condi·

724 2669 726 2680 ,
760 2602 824 2682 tio,
851 2616 946 2691 quam
958 2593 1053 2686 plena
1067 2589 1247 2687 periculis,
1282 2593 1413 2684 quantis
1432 2585 1719 2681 expostta‘easbus,
1755 2591 1902 2687 quamsts
1920 2599 1970 2662 in·

643 2769 645 2774 ,
705 2715 709 2721 ·
753 2693 880 2793 sabilss
888 2691 994 2787 slatus
1011 2699 1099 2779 eius,
1125 2692 1184 2782 (2)
1208 2686 1407 2779 considerans
1423 2696 1536 2776 etiam,
1552 2688 1638 2785 quod
1653 2716 1674 2760 a
1691 2692 1755 2785 lege
1771 2704 1972 2790 mortis,qua
2020 2717 2023 2722 ·

602 2873 605 2880 ,
760 2796 848 2868 nibil
861 2799 977 2862 certius
994 2801 1152 2878 cernitur,
1180 2791 1266 2859 nihil
1280 2787 1414 2859 babetur
1430 2796 1583 2859 incertius
1594 2794 1671 2860 bora
1689 2800 1775 2882 eius,
1801 2795 1971 2865 nulusex·

673 2897 676 2902 ’
763 2892 925 2975 cluditur,
951 2889 1055 2956 nulus
1071 2886 1180 2983 affugit
1197 2886 1402 2980 metassuas,
1433 2889 1538 2959 nulus
1553 2917 1572 2958 a
1589 2889 1731 2964 dominio
1746 2894 1896 2966 redditur
1912 2891 1974 2965 ex·¹

761 3010 886 3087 emptus
903 2987 988 3057 ilius
995 3033 1007 3077 ‚·
1026 3007 1190 3083 promptus
1208 2986 1376 3082 exsurgas,
1395 2988 1515 3086 praesto
1533 3011 1566 3060 te
1578 2987 1711 3088 offeras,
1731 3016 1867 3091 paratus
1884 3021 1972 3068 acce·

643 3121 650 3128 ·
749 3093 823 3167 ¹dos
840 3087 1089 3182 adagnitionem
1111 3090 1304 3185 Clsrrslranae
1315 3089 1422 3184 fidei,
1457 3111 1489 3161 et
1498 3113 1506 3184 q
1506 3090 1741 3188 suscipiendum
1768 3096 1971 3192 baptismatis

751 3201 988 3287 [ornamentum
1003 3190 1047 3260 ad
1063 3191 1188 3260 laudem
1204 3191 1313 3262 diurni
1329 3199 1490 3286 nominis,¹
1517 3213 1592 3263 tuae
1608 3194 1728 3285 salutis
1742 3197 1921 3292 prosellum
1940 3218 1973 3268 ct

761 3313 962 3392 augmentum
962 3290 1046 3386 fidei
1045 3290 1261 3390 supradillae,
1270 3315 1310 3362 ve
1319 3295 1400 3363 lucis
1399 3293 1480 3386 suae
1489 3293 1579 3365 radio
1589 3297 1769 3391 illuslratus,
1781 3309 1848 3371 eius
1857 3308 1972 3372 trium·

758 3392 1974 3498 phalisefficiorisathleta,illrusfiuesamplificans,terminosquedilatatss,vt

701 3567 704 3574 ,
757 3497 824 3599 pofl
840 3491 1113 3591 vitaepraeseutis
1130 3495 1314 3589 ergastulum
1333 3496 1566 3591 aportalstseri
1582 3499 1738 3591 libereris,
1757 3524 1789 3573 et
1806 3511 1873 3574 eius
1890 3504 1977 3575 ditis
2085 3529 2089 3538 ·

762 3595 954 3673 cruciatibus
974 3602 1146 3689 poenisque
1172 3595 1360 3691 grausfflmis
1387 3603 1550 3686 enitatis,
1582 3619 1729 3671 aeternae
1748 3604 1975 3676 {beatitudinis

727 3785 735 3796 ,
759 3706 910 3798 praemia,
927 3718 1008 3792 quae
1024 3718 1143 3765 ornnem
1166 3695 1365 3764 dulcedinem
1373 3694 1559 3791 superant,
1588 3724 1708 3772 omnem
1733 3703 1976 3777 deleilationetn

763 3795 945 3883 excedunt,
981 3815 1143 3892 tamquam
1168 3797 1317 3890 Princeps
1340 3805 1491 3868 emeritus
1507 3797 1716 3899 consequaris.
1767 3808 1891 3878 Datum
1907 3810 1978 3879 Ro·

764 3921 834 3976 ntae
851 3891 1094 3994 apudsautiuu
1117 3922 1239 3972 euru
1250 3898 1380 3992 van,
1397 3923 1472 3973 nou.
1487 3905 1618 3999 aprilis,
1639 3907 1759 3984 annal.
1974 3891 1979 3900 ⁸

1758 4073 1808 4150 N.
1831 4071 1978 4151 XXVII.

777 4248 779 4252 ’
808 4259 859 4347 (u)
879 4221 1046 4351 Sequania
1057 4257 1159 4349 ,babet
1178 4221 1453 4340 ¹tttrtutttuovt.
