4859 5200
922 698 930 713 t
1072 631 1382 734 «imm

606 769 741 840 Domino
756 790 846 837 nemo
855 761 976 863 potest,
1004 785 1084 864 quae
1107 783 1216 860 reatus
1234 781 1387 858 expurgat
1397 819 1406 852 ‚
1414 761 1536 856 salutis
1553 762 1711 838 commode
1726 764 1812 837 elir-

602 873 716 961 gitnr;
743 893 825 967 qnae
842 865 956 956 tarda,
975 862 1157 961 mentesque
1176 863 1350 960 purificat,
1375 884 1409 933 et
1427 863 1630 956 infidelitatis
1652 864 1812 960 obscurum

603 964 672 1058 suis
690 967 739 1061 (t)
758 967 862 1039 radiis
881 974 987 1062 expiat
1004 969 1175 1036 claritatis.
1220 965 1409 1035 Extitomns
1423 971 1533 1062 itaque
1558 964 1811 1059 magnitudinem

606 1087 696 1140 tuam
713 1091 746 1138 et
763 1075 920 1139 attentius
937 1068 1157 1153 exhortamur,
1174 1062 1256 1157 sarm
1279 1084 1311 1135 et
1315 1059 1453 1163 syncera
1471 1065 1532 1135 tili
1541 1066 1661 1160 campilio
1669 1063 1812 1158 suaden-

606 1187 676 1259 tes,
701 1190 860 1266 quatenns
872 1165 989 1258 sedulo
1009 1163 1216 1236 meditatione
1233 1173 1430 1258 recogitant,
1456 1167 1518 1260 (2)
1535 1189 1631 1264 quam
1647 1166 1691 1260 fit
1699 1164 1811 1260 fragi·
1843 1248 1846 1253 Α

607 1268 651 1339 lis
674 1288 715 1337 et·
732 1267 849 1339 caduca
876 1272 1030 1340 humanae
1052 1285 1187 1337 naturae
1209 1265 1367 1355 conditio,
1424 1289 1497 1339 uam
1523 1269 1619 1366 plena
1647 1267 1813 1364 periculis,

535 1420 544 1427 ,
608 1375 739 1467 quantis
763 1369 911 1465 expoſsto
924 1367 1061 1463 cestius,
1088 1390 1183 1464 qnam
1216 1364 1370 1463 instabilis
1385 1292 1491 1464 platin
1506 1376 1596 1446 eiust
1618 1365 1813 1461 confiderunt

608 1475 725 1560 etiam,
750 1469 837 1568 quod
851 1497 870 1542 a
884 1470 948 1565 lege
964 1475 1076 1540 martis
1088 1467 1193 1539 nulus
1214 1467 1414 1559 excluditur,
1439 1493 1508 1539 tum
1538 1493 1627 1541 amne
1642 1466 1730 1566 qnod
1751 1492 1814 1539 na·

601 1564 708 1660 scitur
719 1579 884 1660 moriatur,
901 1589 1064 1666 promptus
1073 1592 1219 1661 exurgat,
1232 1568 1352 1664 praefle
1362 1588 1394 1638 te
1411 1564 1535 1667 offeras,
1542 1589 1677 1665 paratus
1688 1566 1817 1641 accedas

608 1667 654 1739 ad
660 1678 851 1764 agnitionem
862 1669 1053 1766 Christianae
1053 1666 1147 1762 fidei,
1157 1666 1202 1738 od
1199 1666 1432 1766 suscipiendum
1441 1668 1636 1767 baptismatis
1635 1668 1819 1763 stttramen·
1842 1732 1852 1748 -.

557 1802 559 1806 ⁴
610 1790 697 1859 tum,
723 1770 769 1841 ad
789 1772 915 1842 landem
939 1768 1046 1841 diuini
1062 1776 1219 1857 nominis,
1237 1768 1441 1860 tuaesalsstis
1459 1768 1659 1865 profestum,
1689 1790 1721 1842 et
1737 1794 1814 1865 ang·

610 1892 752 1942 mentum
765 1869 850 1965 fidei
864 1868 1103 1969 supradiiiaet
1134 1888 1175 1939 vt
1200 1873 1283 1942 lucis
1298 1870 1380 1963 suae
1413 1871 1503 1942 radio
1527 1870 1717 1966 ilustrattes,
1745 1878 1816 1947 tt'ttr

610 1975 814 2068 triumphilis
830 1972 973 2069 epitimio
986 1973 1129 2059 athleta,
1153 1971 1239 2042 ilites
1248 1969 1335 2066 fines
1358 1970 1573 2068 amplificans,
1600 1978 1814 2066 terminosque

609 2068 763 2161 dilatans,
779 2094 819 2141 vt
830 2070 897 2168 pasl
905 2082 994 2144 vitoe
1005 2069 1180 2167 praesentis
1196 2070 1382 2167 ergastulum
1398 2091 1524 2165 aperta
1541 2068 1642 2160 inferi
1658 2069 1814 2158 libereris,

576 2172 580 2180 '
615 2188 648 2237 et
671 2176 738 2239 eins
761 2170 855 2251 duris
884 2171 1076 2240 eruciatibus
1093 2177 1265 2264 poenisque
1284 2167 1470 2264 grassifflmis
1493 2176 1645 2263 enitatis,
1671 2188 1817 2240 aeternae

614 2265 825 2339 beatitudinis
835 2275 994 2362 praemia,
1019 2291 1099 2363 quae
1116 2289 1236 2335 omnem
1256 2265 1453 2337 dnlcedinem
1458 2264 1629 2363 superant,
1648 2289 1681 2340 et
1694 2293 1817 2341 omnem

612 2363 853 2437 deleliationem
869 2365 1041 2455 excedunt,
1066 2385 1228 2463 tamquam
1248 2371 1394 2465 princeps
1409 2369 1582 2441 catholicus
1606 2366 1815 2470 consequaris.

614 2469 737 2540 Datum
754 2464 857 2540 Reate
872 2467 987 2543 idlil.
998 2466 1083 2556 ¹iulii
1099 2490 1183 2540 anna
1200 2468 1244 2544 il.

1040 2685 1105 2779 N.
1144 2652 1396 2778 'xxxtnt

666 2875 725 2952 Ex
749 2882 881 2951 tvcn
907 2861 1192 2950 wnamnao
1221 2861 1538 2973 vbistsprop.198.

806 2985 914 3054 Nobili
927 2989 995 3054 viro
1015 3007 1112 3056 ιοιο
1131 2989 1172 3053 de
1185 2986 1266 3054 Pifie

622 3115 842 3290 Laetamur
858 3136 893 3199 in
911 3130 1063 3212 Domino,
1079 3121 1255 3223 quodficnt
1271 3117 1440 3220 babetfide
1453 3122 1550 3222 digna
1567 3126 1682 3210 relatio
1688 3185 1707 3219 ,,
1720 3125 1767 3203 ad
1772 3129 1826 3205 dt.
1933 3179 1937 3187 .

710 3229 859 3305 latandos
877 3223 1070 3320 Christianae
1081 3219 1164 3316 fidei
1183 3230 1336 3294 terminas
1353 3221 1560 3296 laudabiliter
1581 3249 1613 3298 et
1621 3226 1759 3322 solerter
1773 3239 1825 3304 in·

624 3333 775 3418 tendens,
801 3328 868 3396 illos
884 3321 929 3394 ad
944 3328 1134 3418 agnitionem
1151 3323 1265 3419 ipfius‚
1288 3320 1502 3418 qainondam
1515 3321 1599 3414 ssent
1614 3334 1682 3395 tius
1696 3329 1826 3410 ⁵lumine

550 3447 552 3454 '
623 3432 789 3533 ilnflrati,
806 3423 940 3521 sollicite
956 3419 1153 3511 inducendo,
1170 3418 1258 3521 quod
1279 3442 1317 3490 ue
1335 3415 1458 3490 curtilis
1474 3419 1622 3519 religiosts
1643 3442 1702 3520 per
1714 3444 1826 3522 portae

533 3593 544 3599 -
626 3534 708 3638 ipsas
729 3525 916 3603 habentibus
942 3522 1111 3615 tranitem
1137 3444 1293 3619 impende
1325 3526 1450 3592 intuitu
1482 3546 1587 3598 nsv
1625 3546 1826 3606 cmm

623 3637 802 3737 confilium,
837 3628 1017 3717 auxilinm,
1044 3645 1076 3696 et
1094 3622 1267 3722 fiumen,
1289 3621 1462 3696 exhibendo
1490 3643 1522 3696 te
1536 3627 1744 3708 nihilominus
1765 3629 1830 3705 ilis

621 3737 806 3841 [petialm
830 3751 863 3804 et
875 3737 983 3827 praeci
1002 3751 1078 3799 unm
1090 3721 1319 3825 pratellensis,
1336 3721 1376 3826 de
1393 3750 1455 3825 qua
1469 3746 1550 3799 tuae
1563 3725 1745 3803 taulariae
1753 3729 1827 3828 soi·

626 3836 806 3918 licitndinir
814 3831 958 3933 studium
977 3749 1067 3902 grta
1083 3829 1220 3928 amplius
1237 3823 1505 3917 commendamus,
1528 3849 1648 3929 quanto
1663 3839 1763 3928 magis
1769 3832 1829 3928 sa·

628 3944 728 4017 lutens
745 3944 918 4038 appetimus
924 3931 1133 4039 fingulornm,
1182 3928 1375 4124 Ercpaprns
1391 3934 1501 4032 itaque
1510 3929 1710 4031 diligentiam
1727 3953 1826 4030 tuam,

1277 4051 1302 4103 n
1764 4059 1830 4111 -et

626 4143 1823 4197 Μ

670 4231 717 4314 (ε)
736 4199 974 4308 ίιιεεᾶεεε.
1019 4225 1073 4306 (ε)
1093 4218 1262 4309 Siquam
1276 4214 1371 4286 adlit
1389 4226 1636 4347 urrannei.
