4859 5200
1080 621 1396 724 «ΗΜ»

631 777 666 830 et
681 754 867 854 laptiznou
880 739 1008 849 saeris,
1027 755 1192 853 legemque
1196 753 1370 851 susceperis
1377 750 1604 848 Clodianam,
1620 762 1759 854 requiem
1780 764 1840 828 im·
1971 784 1979 795 ‘

629 855 1015 954 petrabisscmpitcrnam.
1065 855 1146 926 Ecce
1176 861 1277 947 igitur
1291 877 1369 940 nos,
1393 872 1481 923 tuam
1499 873 1530 922 et
1554 861 1654 927 totius
1679 864 1767 950 regni
1787 863 1839 927 tui

623 954 767 1046 salutm
779 974 962 1051 perpetuam
969 953 1093 1047 snecta
1115 961 1151 1024 in
1168 955 1305 1023 Domino
1331 949 1498 1023 dilellioue
1521 954 1682 1041 ultimus,
1710 964 1840 1052 eiusque

625 1050 777 1145 feudum
789 1053 994 1144 salutiferum
1012 1073 1045 1122 et
1054 1073 1224 1147 perennem
1237 1051 1299 1120 tibi
1314 1069 1357 1120 ¹et
1374 1050 1430 1144 ips
1450 1072 1542 1144 tegno
1568 1058 1708 1146 cupimus
1724 1072 1842 1148 prouc-

628 1161 722 1240 nire,
749 1173 790 1223 vt
805 1155 880 1223 baec
890 1150 1038 1243 solicitet
1053 1171 1087 1220 et
1106 1148 1268 1246 efficaciter
1284 1150 1415 1220 valeant
1423 1168 1484 1244 per
1499 1146 1740 1240 mesericordiam
1752 1150 1841 1243 sum·

626 1258 674 1321 mi
692 1255 802 1323 Patris
810 1249 1001 1343 succedere,
1025 1249 1236 1320 uenerabilem
1242 1246 1386 1339 fratrem
1403 1246 1538 1343 nosrm
1574 1272 1603 1323 N
1615 1275 1627 1322 ι
1637 1272 1695 1324 co
1709 1272 1838 1325 tavae

517 1370 523 1380 ·
626 1347 901 1449 Aethiopiscopum
919 1348 1160 1442 Caeubaliensem
1186 1346 1309 1419 ordinis
1326 1344 1474 1438 sra'trretn
1501 1350 1667 1420 Minaeum
1688 1345 1835 1445 profess·

624 1473 712 1535 rem,
732 1457 842 1519 uirum
862 1449 989 1547 quidem
1006 1456 1041 1521 ito
1058 1445 1224 1519 deuotione
1242 1471 1277 1516 ac
1289 1443 1360 1540 fide
1377 1448 1539 1518 Catholico
1548 1445 1740 1538 scendunt,
1756 1456 1836 1520 omi!
1982 1462 1986 1467 '

622 1544 736 1619 menter
754 1547 890 1640 insacro
898 1547 1060 1644 sriptura
1095 1553 1227 1635 ericum,
1253 1565 1286 1615 et
1309 1564 1471 1640 expertum
1495 1552 1531 1618 e‘n
1556 1566 1645 1642 opere
1662 1571 1699 1619 oc
1713 1545 1835 1639 sermo·
1982 1572 1987 1579 ·

623 1670 691 1733 ne,
708 1653 870 1719 virtutum
893 1655 1041 1718 eomitissa
1055 1567 1229 1741 ss'pomm,
1248 1641 1344 1734 soona
1373 1628 1591 1742 praeclarum,
1637 1647 1770 1719 anobis
1793 1670 1836 1721 eet

621 1746 737 1816 multis
751 1745 840 1816 louis
857 1765 890 1816 et
906 1744 1029 1816 idoneis
1044 1744 1191 1837 religiose
1217 1740 1369 1829 elafium,
1396 1763 1428 1813 ct
1443 1742 1489 1815 ad
1511 1744 1753 1840 Camboliensem
1767 1748 1835 1820 Ar·

623 1843 881 1939 ohiepiscopotnm
898 1844 1095 1937 desratruen
1117 1841 1288 1936 nostorum
1310 1843 1343 1914 S.
1363 1844 1404 1915 R.
1425 1843 1466 1914 E.
1493 1842 1712 1917 Cardinalium
1739 1845 1834 1940 confi·

623 1943 668 2012 lio
679 1963 879 2037 promotum,
900 1941 1112 2040 praesentium
1129 1940 1356 2032 exhibitorem,
1375 1966 1442 2013 cum
1459 1940 1583 2014 decenti
1599 1965 1632 2014 et
1649 1943 1831 2037 sufficienti,

623 2040 769 2134 bunnia,
787 2063 820 2111 et
834 2041 978 2133 virtuose
1003 2048 1151 2113 eomitiua
1173 2039 1324 2131 fratrum
1349 2032 1436 2112 dille*
1439 2066 1444 2075 ·
1454 2040 1580 2121 ordinis
1600 2039 1646 2111 ad
1666 2042 1833 2140 Ecclesiam

618 2135 711 2227 suam
726 2132 992 2229 Caeubalienscm,
1017 2159 1106 2210 mam
1128 2163 1169 2208 ue
1185 2137 1412 2233 praesentem,
1439 2165 1475 2209 ac
1487 2159 1614 2236 parces,
1641 2160 1673 2212 et
1688 2141 1776 2234 loca,
1798 2163 1831 2212 et

625 2255 732 2306 terren
766 2244 816 2306 tui
840 2234 975 2308 dominii
998 2165 1200 2333 prouidimus
1225 2237 1403 2330 salubriter
1439 2236 1688 2334 deslinandum:
1702 2262 1744 2314 ut
1766 2241 1830 2338 ipse

624 2360 662 2406 ac
679 2332 762 2406 diiii
770 2333 899 2429 fratres
922 2336 1112 2409 collaterales
1133 2335 1235 2407 eidem
1260 2360 1344 2409 more
1360 2339 1420 2436 SS.
1449 2335 1664 2434 Apostolorum
1688 2339 1765 2439 (qui
1777 2339 1832 2413 di·

613 2434 752 2532 spartiti
760 2459 813 2505 ore
824 2438 1006 2525 Damione,
1031 2457 1063 2507 et
1081 2436 1223 2533 Spiritus
1239 2439 1272 2509 S.
1282 2443 1392 2532 gratia
1415 2435 1579 2533 illustrati,
1596 2438 1732 2532 suendo
1756 2465 1832 2513 uer·

620 2537 695 2607 bum
713 2538 932 2627 Dominum,
961 2534 1074 2609 cunila
1090 2536 1202 2609 mundi
1220 2537 1368 2633 elimato,
1381 2558 1487 2638 ,prout
1503 2546 1550 2610 eir
1574 2537 1735 2638 adstripta
1750 2538 1830 2634 suc·

620 2656 716 2730 rant,
738 2633 967 2732 peragrarunt)
984 2636 1176 2709 eoniunilim
1193 2638 1424 2735 etseparatim‚
1437 2659 1536 2736 prout
1561 2636 1664 2711 eidem
1681 2642 1832 2738 Acbiepi·

613 2733 706 2830 scopo
720 2756 753 2804 et
760 2736 927 2826 fratribus
940 2736 1045 2830 vesum
1052 2733 1164 2829 suerit
1177 2736 1340 2830 salubritas
1367 2737 1533 2835 expedire,
1562 2743 1690 2835 tegetum
1708 2761 1741 2811 et
1764 2760 1831 2813 tet·

619 2859 689 2906 ram
701 2831 887 2931 pradilia,
910 2837 1054 2934 aliosque
1069 2844 1208 2929 regiones
1223 2838 1403 2907 adiacentes
1418 2844 1611 2907 cucumearet
1632 2858 1664 2907 et
1672 2838 1830 2937 frequen·

621 2954 712 3018 tent,
738 2958 774 3001 ac
788 2943 883 3000 iuxta
898 2934 1008 3002 datam
1023 2944 1070 3002 eis
1086 2962 1105 3001 a
1124 2939 1259 3003 Domino
1273 2934 1480 3025 prudeottiam
1493 2935 1627 3005 uerbum
1643 2936 1708 3008 Dee·
1731 2962 1829 3016 tuato-

620 3031 764 3123 gelizote
772 3026 922 3121 studeant
938 3050 1008 3098 cum
1024 3025 1192 3116 diligentia
1206 3026 1329 3119 operoso
1338 3082 1348 3114 ,
1373 3027 1495 3098 medela
1517 3030 1765 3122 praedicationis
1772 3037 1838 3129 sa·-

621 3125 776 3218 lutiserae
790 3127 940 3196 linientes
957 3124 1079 3193 illorum
1096 3123 1221 3212 oeulos,
1246 3132 1304 3219 qui
1326 3121 1429 3194 adhuc
1452 3125 1588 3218 gloriam
1612 3130 1744 3202 Domini
1767 3157 1840 3210 nott·

621 3226 796 3313 viderunt,
823 3246 935 3319 eosque
950 3219 995 3292 ad
1008 3218 1127 3291 dilium
1136 3219 1239 3315 fidem
1257 3220 1433 3317 persollatae
1458 3245 1491 3292 ec
1513 3224 1672 3319 lucidant,
1699 3253 1835 3315 cuna.

624 3347 677 3399 ςτ
691 3348 722 3411 ι,
746 3318 954 3408 sentiarum,
971 3340 1003 3390 et
1020 3314 1209 3391 Satellarum
1226 3323 1389 3417 miraculis
1403 3320 1573 3420 ccttifflntie
1590 3330 1835 3430 comprobatam,
1925 3351 1936 3380 '·

623 3422 762 3498 dulciter
790 3440 1036 3495 conuertentest-
1055 3440 1086 3492 et
1114 3439 1181 3488 tam
1206 3418 1286 3514 ipsos
1319 3443 1414 3518 quam
1441 3422 1523 3492 alios
1536 3421 1583 3495 ad
1600 3423 1703 3519 fidem
1730 3428 1831 3526 ipsam

623 3534 688 3599 iam
698 3520 846 3615 feliciter
864 3518 1041 3614 conuersos,
1065 3538 1099 3590 et
1115 3522 1281 3617 neophytes
1306 3526 1341 3591 in
1366 3518 1653 3694 eademsascentes
1678 3527 1830 3605 eruditio·

624 3635 678 3701 nis
689 3620 879 3717 salutiferos
893 3631 1108 3707 nutrimento,
1133 3626 1231 3690 etiam
1254 3628 1289 3690 in
1306 3618 1376 3715 fide
1395 3642 1473 3719 prae
1495 3621 1562 3696 otta
1584 3650 1653 3698 cum
1675 3627 1836 3724 insusone

624 3723 760 3823 coelestis
775 3721 985 3814 miserationis
1001 3743 1033 3791 et
1043 3729 1169 3816 gratiae
1185 3718 1369 3794 roborando.
1422 3726 1510 3793 Haec
1528 3723 1569 3819 esl
1584 3734 1667 3797 enine
1675 3727 1763 3824 fides
1777 3759 1829 3808 re.

626 3824 696 3915 lla,
723 3830 905 3911 meritoria,
929 3843 961 3892 et
977 3820 1138 3912 salubris,
1167 3844 1264 3918 quam
1288 3824 1421 3894 coelitus
1446 3827 1582 3917 agricola
1595 3825 1771 3921 seminauit
1794 3856 1843 3918 co.
1943 3861 1954 3874 ⁸

627 3933 797 4019 irrigastis,
825 3922 870 3994 ad
877 3920 1014 4017 srulltes
1026 3920 1157 4017 copiosos
1169 3917 1337 4017 perduxit,
1365 3917 1515 4020 diffudit,
1527 3945 1560 3997 et
1573 3925 1756 4023 diuulgauit
1771 3959 1833 4017 ve„
1910 3965 1915 3972 ·

628 4050 689 4126 que
704 4021 749 4097 ad
761 4033 912 4099 terminos
941 4022 1024 4095 erlis
1046 4042 1155 4094 terrae
1174 4017 1368 4116 mundialis,
1395 4042 1427 4095 ec
1453 4049 1548 4125 quam
1571 4025 1659 4102 ditia
1688 4032 1839 4118 Rom

1140 4117 1253 4219 (ἢν
1721 4125 1844 4234 oecon
