4859 5200
1081 640 1390 745 ao)6c('a·

546 856 550 865 .
629 793 811 862 vehementi
821 789 977 886 procella,
993 809 1074 885 quae
1089 789 1309 887 multipliciter
1325 789 1520 860 concutiebat
1537 776 1705 885 Ecclesiam
1721 814 1836 869 meme·

632 890 725 963 ratu's
736 884 960 986 praedecelbrr,
987 887 1063 960 dum
1080 909 1136 985 pro
1156 884 1426 983 communbsoluce
1444 891 1608 961 decertans
1625 912 1717 982 erat,
1746 900 1835 986 poci·

630 989 822 1086 usfiliorum
838 988 1043 1061 adiuuandus
1049 985 1236 1089 suffragiis,
1259 1014 1355 1088 quam
1369 997 1404 1061 in
1422 993 1557 1062 oliorum
1571 991 1760 1088 praefidium
1777 988 1840 1061 ad·

575 1172 579 1179 ,
630 1089 794 1183 vocandus
808 1089 915 1184 causae
932 1111 1006 1161 tuae
1023 1098 1149 1162 omnino
1167 1116 1230 1163 non
1247 1088 1375 1182 deficit,
1400 1090 1464 1183 ped
1476 1087 1573 1186 adeffe
1585 1090 1712 1187 studuit
1727 1111 1838 1187 pater·

632 1216 693 1264 reae
710 1189 914 1291 campofflonis
933 1186 1069 1289 offella,
1089 1192 1175 1285 ficut
1188 1191 1324 1288 expofita
1331 1191 1393 1284 fibi
1411 1214 1485 1262 tuae
1508 1194 1700 1264 conditionis
1708 1193 1839 1288 flagito·

510 1292 512 1297 ’
630 1292 688 1363 bat
698 1283 878 1392 'neceffltas,
896 1288 1077 1388 etuiufousli
1092 1301 1241 1389 temporis
1250 1293 1393 1389 qualitas
1403 1294 1617 1388 permittebat.
1659 1296 1755 1364 Porro
1770 1315 1839 1362 cum

628 1391 787 1493 postquam
796 1390 943 1490 sponsum
954 1391 1130 1485 secuudum
1149 1391 1304 1490 corsuum
1321 1391 1421 1463 eidem
1439 1393 1702 1490 Ecolefiae,quee
1718 1391 1839 1462 diuvi-

631 1493 699 1566 duo
722 1490 859 1588 fuerat,
893 1491 1050 1587 miseratio
1066 1492 1180 1564 diuino
1194 1491 1362 1590 prouidit,
1387 1519 1407 1564 a
1431 1519 1522 1588 regno
1539 1515 1594 1563 ruo
1618 1495 1668 1564 ibo
1695 1495 1840 1583 volente,

633 1603 691 1694 qui
711 1594 828 1666 babens
843 1603 878 1666 in
887 1591 950 1687 suo
961 1592 1114 1692 potestate
1128 1614 1243 1665 uentos
1259 1614 1292 1664 et
1315 1603 1437 1681 mario,
1459 1594 1671 1692 tranquillum
1693 1593 1734 1664 de
1759 1615 1839 1664 eem-

626 1692 747 1792 pessate
760 1692 930 1790 producit,
950 1694 1081 1788 gladius
1099 1686 1139 1765 T
1130 1702 1290 1765 artaricus
1317 1690 1502 1795 abseefflffet,
1525 1694 1744 1793 fi'ueceffltuee
1766 1693 1840 1790 spe·
1927 1779 1935 1785 ⁸

633 1792 878 1890 lbaneesperata
892 1792 931 1862 de
956 1792 1189 1887 praedibborum
1215 1792 1436 1866 cardinalium
1456 1796 1743 1891 pollicitationibus
1760 1795 1840 1885 sub·

632 1901 743 1966 ventio
759 1917 823 1964 non
836 1890 991 1990 procefflr,
1020 1901 1128 1962 notari
1142 1893 1183 1963 de
1205 1891 1334 1982 deferu
1354 1892 1434 1985 fidei
1457 1880 1689 1988 promiffa'non
1710 1896 1841 1986 implere

527 2023 529 2027 ·
632 1990 850 2092 non-poffuna,
876 2017 956 2092 quae
967 1991 1107 2087 fuerant
1118 1999 1159 2084 in
1167 1991 1318 2086 sublatae
1334 2000 1398 2063 iam
1415 1990 1598 2091 neceffitatis
1615 1992 1837 2062 dacntatcotor·

582 2105 585 2108 ’
633 2092 732 2168 titulo
742 2092 960 2193 persoluenda.
1010 2090 1162 2189 Adiecifli
1172 2113 1358 2189 praeterea,
1375 2090 1462 2189 qnod
1471 2149 1481 2179 ,
1497 2116 1567 2162 cnm
1583 2090 1627 2162 ad
1640 2089 1837 2185 rsfiflendum

633 2205 738 2275 tantis
756 2193 892 2291 boflibus
907 2218 971 2268 uon
987 2194 1047 2266 tibi
1054 2188 1217 2290 sufficiant
1232 2201 1321 2265 vires
1335 2213 1428 2281 tuce,
1442 2192 1477 2285 st
1491 2189 1598 2262 dibloe
1606 2191 1695 2284 sedis
1714 2190 1840 2262 orexilio

633 2293 725 2367 modo
739 2295 887 2389 finaliter
902 2294 1030 2393 destitui
1043 2316 1076 2366 te
1090 2303 1270 2389 contingat,
1284 2299 1420 2388 cogiris,
1437 2294 1512 2362 licet
1528 2299 1653 2362 inuitus
1667 2311 1699 2360 et
1716 2289 1838 2379 dolens,
1880 2308 1888 2319 '
1922 2298 1925 2303 '

633 2419 703 2471 cum
718 2397 781 2468 illis
793 2408 883 2494 pacis
902 2419 935 2469 et
951 2404 1082 2469 vnionis
1089 2393 1225 2486 foedera
1241 2397 1403 2491 copulare,
1431 2392 1477 2463 od
1491 2417 1572 2491 qnae
1587 2390 1722 2488 ipsorum
1737 2399 1839 2462 moni·

633 2505 679 2568 tis
696 2518 729 2569 et
739 2499 884 2594 precibus
897 2500 1019 2594 pluries
1039 2503 1215 2567 innitaris:
1237 2491 1375 2591 oppferum
1392 2501 1475 2563 enim
1491 2493 1553 2575 ribi
1561 2492 1664 2586 ,stent
1680 2513 1840 2563 treaenar·

633 2606 772 2670 rationis
778 2595 879 2694 series
895 2597 1094 2692 ennuntiat,
1120 2616 1161 2666 vt
1170 2592 1346 2686 secuudum
1371 2601 1526 2688 optionem
1551 2615 1661 2682 enom,
1694 2595 1753 2665 vel
1766 2593 1823 2688 fili

579 2761 589 2778 .,
633 2719 689 2774 tuo
699 2696 775 2792 filia
788 2705 941 2793 principis
960 2689 1193 2783 Turonorum,
1220 2695 1278 2764 vel
1285 2691 1359 2788 filio
1381 2701 1450 2764 eius
1458 2693 1535 2788 filio
1556 2717 1613 2767 tua
1636 2704 1839 2767 matrimonio

539 2843 542 2850 ·
605 2805 613 2822 “
633 2806 853 2887 coniungatur.
892 2797 1007 2866 Venire
1018 2816 1125 2866 tamen
1143 2792 1319 2883 infundere
1330 2802 1420 2889 pacis
1435 2794 1527 2865 debet
1541 2793 1674 2893 expceffa
1691 2794 1840 2888 conditio,

582 2915 587 2922 ·
633 2891 776 2988 utſslius
792 2912 869 2962 tuus
885 2917 955 2963 cum
972 2914 1089 2991 quarto
1101 2896 1211 2988 populi
1227 2902 1278 2963 rui
1289 2913 1383 2990 porte
1394 2894 1562 2991 praecedat
1578 2897 1700 2967 eosdem
1720 2888 1839 2968 Tam

560 3081 563 3088 ¹
633 3016 687 3066 ror
700 2990 746 3064 ad
759 3000 981 3088 exterminium
992 2993 1103 3090 populi
1122 2991 1310 3089 Christiani,
1335 2995 1504 3066 habiturus
1520 3005 1590 3067 iure
1604 2998 1679 3068 belli
1695 2992 1840 3095 quintam

632 3092 674 3167 de
684 3092 797 3193 spoliis
814 3114 846 3165 et
862 3093 972 3187 bouis,
986 3091 1304 3193 quaeseebalbis,vel
1319 3096 1432 3176 deletis
1451 3096 1637 3194 Christianis
1653 3097 1840 3191 manserint,

628 3203 828 3296 portionem:
851 3193 963 3266 addito
980 3193 1066 3294 quod
1080 3195 1119 3264 ob
1133 3193 1268 3291 ipsorum
1284 3196 1424 3287 tribuco,
1440 3201 1498 3268 vel
1509 3198 1600 3292 censu
1615 3199 1759 3286 babeorir
1776 3206 1839 3270 im·

631 3304 757 3387 munis,
773 3316 807 3367 et
821 3298 880 3368 illa
896 3296 1069 3370 multitudo
1086 3321 1149 3368 non
1168 3304 1308 3368 introeat
1317 3296 1403 3393 fines
1425 3321 1499 3370 enos
1510 3357 1519 3386 ,
1528 3297 1591 3394 sed
1605 3321 1638 3372 et
1651 3308 1838 3372 nuntiarunt

482 3433 485 3440 ·
582 3417 584 3422 '
631 3406 799 3490 comitiua,
819 3424 900 3498 quas
917 3398 977 3469 eibi
992 3399 1031 3468 ab
1049 3407 1095 3470 eis
1110 3398 1285 3497 aliquando
1310 3407 1503 3495 negotiorum
1524 3408 1683 3496 exigentia
1700 3399 1838 3495 [suaserit

630 3499 802 3598 destinari,
828 3509 1043 3570 centenarium
1058 3525 1224 3570 numerum
1237 3525 1301 3571 non
1324 3500 1466 3573 excedat.
1526 3505 1658 3574 Praeter
1674 3505 1741 3574 alia
1755 3526 1839 3601 qnae
1915 3497 1920 3504 ”

630 3598 798 3696 offeruisti,
816 3599 939 3693 silendo
949 3607 1079 3695 potius,
1095 3624 1191 3697 quam
1211 3598 1364 3684 dicenda,
1380 3607 1532 3670 nimirum
1540 3602 1574 3696 fi
1586 3625 1697 3675 eontra
1708 3601 1839 3699 proedi-

504 3721 507 3726 '
629 3700 700 3770 flac
713 3709 820 3792 geneis
835 3709 1005 3799 impetum,
1027 3723 1083 3769 nec
1101 3698 1143 3768 de
1159 3700 1262 3789 coela,
1280 3698 1369 3768 vnde
1375 3698 1462 3792 solet
1477 3701 1639 3774 interdum
1649 3702 1838 3804 poucefflmic

630 3808 666 3871 in
688 3796 761 3868 bello
771 3799 875 3892 fidei,
902 3822 1000 3900 atque
1015 3799 1152 3893 iustitiae
1166 3819 1276 3869 contro
1298 3801 1457 3895 plurimos
1479 3812 1650 3900 prouenire
1675 3808 1839 3883 vallari&

629 3927 686 3974 nec
699 3896 741 3971 de
755 3919 861 3988 terro,
886 3910 921 3971 in
937 3927 1001 3999 qua
1015 3898 1103 3974 illud
1126 3898 1166 3994 eft
1192 3899 1336 3971 omuibus
1359 3922 1460 3974 tecum
1489 3928 1649 3978 commune
1670 3905 1840 3999 discrimen

627 3996 762 4102 aliquod
776 3999 838 4071 tibi
851 4002 1040 4092 confideres,
1066 3999 1153 4100 qnod
1165 4000 1261 4097 abstt,
1283 4003 1443 4076 auxilium
1460 4002 1660 4104 offuturum
1688 4008 1839 4084 abhorre·

627 4130 664 4175 re
684 4126 794 4175 tamen
819 4099 946 4175 deberet
972 4098 1244 4200 Cbrijbiamffmus
1265 4109 1411 4201 princeps
1433 4113 1532 4178 etiam
1555 4131 1653 4201 regna
1678 4109 1839 4209 quaelibet

983 4217 993 4223 ”
1704 4209 1842 4301 mundi,
