<?xml version="1.0" encoding="UTF-8"?>
<!DOCTYPE html PUBLIC "-//W3C//DTD XHTML 1.0 Transitional//EN"
    "http://www.w3.org/TR/xhtml1/DTD/xhtml1-transitional.dtd">
<html xmlns="http://www.w3.org/1999/xhtml" xml:lang="en" lang="en">
 <head>
  <title>
</title>
<meta http-equiv="Content-Type" content="text/html;charset=utf-8" />
  <meta name='ocr-system' content='tesseract 3.04.00' />
  <meta name='ocr-capabilities' content='ocr_page ocr_carea ocr_par ocr_line ocrx_word'/>
</head>
<body>
  <div class='ocr_page' id='page_1' title='image "./iolavrentiimosh00moshgoog_0342.png"; bbox 0 0 4859 5200; ppageno 0'>
   <div class='ocr_carea' id='block_1_1' title="bbox 1074 488 1414 646">
    <p class='ocr_par' dir='ltr' id='par_1_1' title="bbox 1074 488 1414 646">
     <span class='ocr_line' id='line_1_1' title="bbox 1074 488 1414 646; baseline -0.018 0"><span class='ocrx_word' id='word_1_1' title='bbox 1074 488 1414 646; x_wconf 42' lang='lat' dir='ltr'>«mow-</span> 
     </span>
    </p>
   </div>
   <div class='ocr_carea' id='block_1_2' title="bbox 548 698 1877 4153">
    <p class='ocr_par' dir='ltr' id='par_1_2' title="bbox 647 698 1877 2084">
     <span class='ocr_line' id='line_1_2' title="bbox 659 698 1850 827; baseline -0.012 -32"><span class='ocrx_word' id='word_1_2' title='bbox 659 729 841 827; x_wconf 65' lang='lat' dir='ltr'><em>chiepiscops&#39;s</em></span> <span class='ocrx_word' id='word_1_3' title='bbox 865 747 893 796; x_wconf 88' lang='lat' dir='ltr'><em>ee</em></span> <span class='ocrx_word' id='word_1_4' title='bbox 930 723 1093 821; x_wconf 81' lang='lat' dir='ltr'><em>Episcopis,</em></span> <span class='ocrx_word' id='word_1_5' title='bbox 1111 726 1249 794; x_wconf 85' lang='lat' dir='ltr'><em>omnibus</em></span> <span class='ocrx_word' id='word_1_6' title='bbox 1262 720 1404 814; x_wconf 81' lang='lat' dir='ltr'><em>fidelibus</em></span> <span class='ocrx_word' id='word_1_7' title='bbox 1430 738 1501 787; x_wconf 91' lang='lat' dir='ltr'><em>tnnc</em></span> <span class='ocrx_word' id='word_1_8' title='bbox 1525 713 1639 787; x_wconf 83' lang='lat' dir='ltr'><em>ibidem</em></span> <span class='ocrx_word' id='word_1_9' title='bbox 1662 698 1850 809; x_wconf 78' lang='lat' dir='ltr'><em>proesenti-</em></span> 
     </span>
     <span class='ocr_line' id='line_1_3' title="bbox 661 811 1849 921; baseline -0.005 -25"><span class='ocrx_word' id='word_1_10' title='bbox 661 833 728 916; x_wconf 84' lang='lat' dir='ltr'><em>bns,</em></span> <span class='ocrx_word' id='word_1_11' title='bbox 740 853 813 897; x_wconf 85' lang='lat' dir='ltr'><em>vere</em></span> <span class='ocrx_word' id='word_1_12' title='bbox 826 824 1065 921; x_wconf 85' lang='lat' dir='ltr'><em>poenitentibus,</em></span> <span class='ocrx_word' id='word_1_13' title='bbox 1089 844 1118 891; x_wconf 89' lang='lat' dir='ltr'><em>et</em></span> <span class='ocrx_word' id='word_1_14' title='bbox 1138 819 1288 919; x_wconf 58' lang='lat' dir='ltr'><em>confessis,</em></span> <span class='ocrx_word' id='word_1_15' title='bbox 1315 819 1518 917; x_wconf 84' lang='lat' dir='ltr'><em>qtsodrogirtto</em></span> <span class='ocrx_word' id='word_1_16' title='bbox 1538 816 1606 886; x_wconf 75' lang='lat' dir='ltr'><em>dics</em></span> <span class='ocrx_word' id='word_1_17' title='bbox 1626 813 1665 882; x_wconf 85' lang='lat' dir='ltr'><em>de</em></span> <span class='ocrx_word' id='word_1_18' title='bbox 1682 811 1849 881; x_wconf 62' lang='lat' dir='ltr'><em>iniuufliss</em></span> 
     </span>
     <span class='ocr_line' id='line_1_4' title="bbox 665 909 1849 1021; baseline -0.019 -22"><span class='ocrx_word' id='word_1_19' title='bbox 665 934 708 999; x_wconf 88' lang='lat' dir='ltr'><em>eis</em></span> <span class='ocrx_word' id='word_1_20' title='bbox 718 928 913 1021; x_wconf 68' lang='lat' dir='ltr'><em>poenitentiis</em></span> <span class='ocrx_word' id='word_1_21' title='bbox 930 918 1158 1012; x_wconf 80' lang='lat' dir='ltr'><em>misericorditer</em></span> <span class='ocrx_word' id='word_1_22' title='bbox 1182 920 1357 1002; x_wconf 82' lang='lat' dir='ltr'><em>relaxandi,</em></span> <span class='ocrx_word' id='word_1_23' title='bbox 1371 918 1459 987; x_wconf 80' lang='lat' dir='ltr'><em>volis</em></span> <span class='ocrx_word' id='word_1_24' title='bbox 1483 934 1512 983; x_wconf 88' lang='lat' dir='ltr'><em>et</em></span> <span class='ocrx_word' id='word_1_25' title='bbox 1535 916 1607 982; x_wconf 85' lang='lat' dir='ltr'><em>aliis</em></span> <span class='ocrx_word' id='word_1_26' title='bbox 1628 909 1767 980; x_wconf 83' lang='lat' dir='ltr'><em>Ordinis</em></span> <span class='ocrx_word' id='word_1_27' title='bbox 1785 932 1849 977; x_wconf 82' lang='lat' dir='ltr'><em>ve·</em></span> 
     </span>
     <span class='ocr_line' id='line_1_5' title="bbox 661 1007 1877 1122; baseline -0.014 -29"><span class='ocrx_word' id='word_1_28' title='bbox 661 1025 720 1122; x_wconf 71' lang='lat' dir='ltr'><em>slri</em></span> <span class='ocrx_word' id='word_1_29' title='bbox 736 1023 903 1103; x_wconf 80' lang='lat' dir='ltr'><em>Fratribus,</em></span> <span class='ocrx_word' id='word_1_30' title='bbox 925 1030 957 1090; x_wconf 90' lang='lat' dir='ltr'><em>in</em></span> <span class='ocrx_word' id='word_1_31' title='bbox 957 1019 1124 1112; x_wconf 73' lang='lat' dir='ltr'><em>ficcmdotio</em></span> <span class='ocrx_word' id='word_1_32' title='bbox 1142 1016 1305 1107; x_wconf 71' lang='lat' dir='ltr'><em>cottslitutit</em></span> <span class='ocrx_word' id='word_1_33' title='bbox 1320 1073 1329 1104; x_wconf 91' lang='lat'><strong>‚</strong></span> <span class='ocrx_word' id='word_1_34' title='bbox 1348 1023 1402 1112; x_wconf 85' lang='lat' dir='ltr'><em>qni</em></span> <span class='ocrx_word' id='word_1_35' title='bbox 1437 1010 1589 1102; x_wconf 80' lang='lat' dir='ltr'><em>vobiscum</em></span> <span class='ocrx_word' id='word_1_36' title='bbox 1608 1007 1877 1104; x_wconf 72' lang='lat' dir='ltr'><em>proficiscentur-</em></span> 
     </span>
     <span class='ocr_line' id='line_1_6' title="bbox 671 1110 1851 1216; baseline -0.015 -23"><span class='ocrx_word' id='word_1_37' title='bbox 671 1121 716 1193; x_wconf 90' lang='lat' dir='ltr'><em>ad</em></span> <span class='ocrx_word' id='word_1_38' title='bbox 728 1129 831 1216; x_wconf 85' lang='lat' dir='ltr'><em>portes</em></span> <span class='ocrx_word' id='word_1_39' title='bbox 839 1118 1025 1213; x_wconf 72' lang='lat' dir='ltr'><em>praedillos,</em></span> <span class='ocrx_word' id='word_1_40' title='bbox 1045 1142 1079 1184; x_wconf 88' lang='lat' dir='ltr'><em>oc</em></span> <span class='ocrx_word' id='word_1_41' title='bbox 1099 1114 1244 1210; x_wconf 73' lang='lat' dir='ltr'><em>vositum,</em></span> <span class='ocrx_word' id='word_1_42' title='bbox 1258 1136 1287 1182; x_wconf 90' lang='lat' dir='ltr'><em>et</em></span> <span class='ocrx_word' id='word_1_43' title='bbox 1301 1114 1429 1209; x_wconf 81' lang='lat' dir='ltr'><em>ipsorum</em></span> <span class='ocrx_word' id='word_1_44' title='bbox 1443 1110 1705 1204; x_wconf 74' lang='lat' dir='ltr'><em>strc&#39;gnlisplenom</em></span> <span class='ocrx_word' id='word_1_45' title='bbox 1736 1128 1851 1175; x_wconf 87' lang='lat' dir='ltr'><em>conce·</em></span> 
     </span>
     <span class='ocr_line' id='line_1_7' title="bbox 669 1211 1851 1310; baseline -0.014 -19"><span class='ocrx_word' id='word_1_46' title='bbox 669 1220 772 1292; x_wconf 90' lang='lat' dir='ltr'><em>dimus</em></span> <span class='ocrx_word' id='word_1_47' title='bbox 790 1237 890 1287; x_wconf 89' lang='lat' dir='ltr'><em>tenore</em></span> <span class='ocrx_word' id='word_1_48' title='bbox 899 1217 1098 1310; x_wconf 70' lang='lat' dir='ltr'><em>praesentium</em></span> <span class='ocrx_word' id='word_1_49' title='bbox 1113 1211 1309 1303; x_wconf 75' lang='lat' dir='ltr'><em>facultatem.</em></span> <span class='ocrx_word' id='word_1_50' title='bbox 1353 1214 1512 1282; x_wconf 88' lang='lat' dir='ltr'><em>Praetereo</em></span> <span class='ocrx_word' id='word_1_51' title='bbox 1532 1212 1700 1291; x_wconf 67' lang='lat' dir='ltr'><em>uolumus,</em></span> <span class='ocrx_word' id='word_1_52' title='bbox 1721 1224 1758 1273; x_wconf 88' lang='lat' dir='ltr'><em>et</em></span> <span class='ocrx_word' id='word_1_53' title='bbox 1773 1226 1851 1275; x_wconf 81' lang='lat' dir='ltr'><em>con·</em></span> 
     </span>
     <span class='ocr_line' id='line_1_8' title="bbox 670 1300 1849 1406; baseline -0.014 -21"><span class='ocrx_word' id='word_1_54' title='bbox 670 1314 826 1386; x_wconf 76' lang='lat' dir='ltr'><em>cedimutt</em></span> <span class='ocrx_word' id='word_1_55' title='bbox 850 1313 934 1406; x_wconf 87' lang='lat' dir='ltr'><em>quod</em></span> <span class='ocrx_word' id='word_1_56' title='bbox 955 1316 1075 1381; x_wconf 86' lang='lat' dir='ltr'><em>Fratres</em></span> <span class='ocrx_word' id='word_1_57' title='bbox 1097 1306 1232 1381; x_wconf 85' lang='lat' dir='ltr'><em>eiusdem</em></span> <span class='ocrx_word' id='word_1_58' title='bbox 1263 1308 1390 1379; x_wconf 81' lang='lat' dir='ltr'><em>Ordinis</em></span> <span class='ocrx_word' id='word_1_59' title='bbox 1406 1305 1624 1404; x_wconf 76' lang='lat' dir='ltr'><em>proficiscentes</em></span> <span class='ocrx_word' id='word_1_60' title='bbox 1646 1328 1717 1374; x_wconf 84' lang='lat' dir='ltr'><em>vua</em></span> <span class='ocrx_word' id='word_1_61' title='bbox 1737 1300 1849 1372; x_wconf 80' lang='lat' dir='ltr'><em>volit·</em></span> 
     </span>
     <span class='ocr_line' id='line_1_9' title="bbox 671 1400 1851 1503; baseline -0.009 -22"><span class='ocrx_word' id='word_1_62' title='bbox 671 1409 909 1503; x_wconf 83' lang='lat' dir='ltr'><em>cumadpnrtes</em></span> <span class='ocrx_word' id='word_1_63' title='bbox 924 1409 1042 1478; x_wconf 86' lang='lat' dir='ltr'><em>eosdem</em></span> <span class='ocrx_word' id='word_1_64' title='bbox 1053 1455 1063 1492; x_wconf 78' lang='lat'>‚</span> <span class='ocrx_word' id='word_1_65' title='bbox 1075 1411 1131 1477; x_wconf 87' lang='lat' dir='ltr'><em>vel</em></span> <span class='ocrx_word' id='word_1_66' title='bbox 1139 1427 1290 1478; x_wconf 86' lang='lat' dir='ltr'><em>morantes</em></span> <span class='ocrx_word' id='word_1_67' title='bbox 1304 1406 1425 1481; x_wconf 81' lang='lat' dir='ltr'><em>ibidem.</em></span> <span class='ocrx_word' id='word_1_68' title='bbox 1440 1412 1494 1496; x_wconf 81' lang='lat' dir='ltr'><em>qni</em></span> <span class='ocrx_word' id='word_1_69' title='bbox 1509 1404 1636 1490; x_wconf 78' lang='lat' dir='ltr'><em>suerint</em></span> <span class='ocrx_word' id='word_1_70' title='bbox 1660 1400 1707 1472; x_wconf 84' lang='lat' dir='ltr'><em>ad</em></span> <span class='ocrx_word' id='word_1_71' title='bbox 1724 1424 1851 1484; x_wconf 80' lang='lat' dir='ltr'><em>omues,</em></span> 
     </span>
     <span class='ocr_line' id='line_1_10' title="bbox 673 1500 1849 1602; baseline 0.001 -23"><span class='ocrx_word' id='word_1_72' title='bbox 673 1511 729 1579; x_wconf 87' lang='lat' dir='ltr'><em>vel</em></span> <span class='ocrx_word' id='word_1_73' title='bbox 741 1506 785 1577; x_wconf 90' lang='lat' dir='ltr'><em>od</em></span> <span class='ocrx_word' id='word_1_74' title='bbox 799 1506 1067 1602; x_wconf 78' lang='lat' dir='ltr'><em>aliquos‘Ordines</em></span> <span class='ocrx_word' id='word_1_75' title='bbox 1082 1506 1302 1600; x_wconf 83' lang='lat' dir='ltr'><em>promouendi‚</em></span> <span class='ocrx_word' id='word_1_76' title='bbox 1336 1530 1355 1569; x_wconf 88' lang='lat' dir='ltr'><em>a</em></span> <span class='ocrx_word' id='word_1_77' title='bbox 1369 1500 1525 1594; x_wconf 77' lang='lat' dir='ltr'><em>quibusuis</em></span> <span class='ocrx_word' id='word_1_78' title='bbox 1549 1502 1756 1587; x_wconf 51' lang='lat' dir='ltr'><em>patriarchi&amp;</em></span> <span class='ocrx_word' id='word_1_79' title='bbox 1781 1504 1849 1571; x_wconf 81' lang='lat' dir='ltr'><em>Ar·</em></span> 
     </span>
     <span class='ocr_line' id='line_1_11' title="bbox 675 1602 1849 1699; baseline -0.007 -25"><span class='ocrx_word' id='word_1_80' title='bbox 675 1604 867 1699; x_wconf 79' lang='lat' dir='ltr'><em>cltiepiscopis,</em></span> <span class='ocrx_word' id='word_1_81' title='bbox 882 1629 911 1673; x_wconf 92' lang='lat' dir='ltr'><em>et</em></span> <span class='ocrx_word' id='word_1_82' title='bbox 927 1604 1078 1695; x_wconf 79' lang='lat' dir='ltr'><em>Episcopis</em></span> <span class='ocrx_word' id='word_1_83' title='bbox 1095 1603 1267 1682; x_wconf 85' lang='lat' dir='ltr'><em>Catholicis,</em></span> <span class='ocrx_word' id='word_1_84' title='bbox 1283 1604 1416 1687; x_wconf 81' lang='lat' dir='ltr'><em>gratiam</em></span> <span class='ocrx_word' id='word_1_85' title='bbox 1438 1618 1468 1664; x_wconf 93' lang='lat' dir='ltr'><em>et</em></span> <span class='ocrx_word' id='word_1_86' title='bbox 1497 1605 1739 1666; x_wconf 84' lang='lat' dir='ltr'><em>communionem</em></span> <span class='ocrx_word' id='word_1_87' title='bbox 1759 1602 1849 1693; x_wconf 84' lang='lat' dir='ltr'><em>Apo·</em></span> 
     </span>
     <span class='ocr_line' id='line_1_12' title="bbox 666 1693 1851 1798; baseline -0.005 -28"><span class='ocrx_word' id='word_1_88' title='bbox 666 1702 791 1798; x_wconf 68' lang='lat' dir='ltr'><em>potitae</em></span> <span class='ocrx_word' id='word_1_89' title='bbox 807 1703 894 1768; x_wconf 68' lang='lat' dir='ltr'><em>Sedis</em></span> <span class='ocrx_word' id='word_1_90' title='bbox 910 1698 1120 1780; x_wconf 79' lang='lat' dir='ltr'><em>obtinentibus,</em></span> <span class='ocrx_word' id='word_1_91' title='bbox 1131 1694 1260 1790; x_wconf 75' lang='lat' dir='ltr'><em>pofflut,</em></span> <span class='ocrx_word' id='word_1_92' title='bbox 1275 1701 1334 1763; x_wconf 86' lang='lat' dir='ltr'><em>rite</em></span> <span class='ocrx_word' id='word_1_93' title='bbox 1350 1716 1427 1777; x_wconf 87' lang='lat' dir='ltr'><em>tom,</em></span> <span class='ocrx_word' id='word_1_94' title='bbox 1444 1693 1489 1763; x_wconf 89' lang='lat' dir='ltr'><em>ad</em></span> <span class='ocrx_word' id='word_1_95' title='bbox 1506 1694 1684 1763; x_wconf 84' lang='lat' dir='ltr'><em>huiusmodi</em></span> <span class='ocrx_word' id='word_1_96' title='bbox 1705 1695 1851 1766; x_wconf 82' lang='lat' dir='ltr'><em>Ordines</em></span> 
     </span>
     <span class='ocr_line' id='line_1_13' title="bbox 647 1790 1849 1891; baseline -0.001 -26"><span class='ocrx_word' id='word_1_97' title='bbox 647 1876 653 1883; x_wconf 78' lang='lat'><em>..</em></span> <span class='ocrx_word' id='word_1_98' title='bbox 667 1798 794 1891; x_wconf 85' lang='lat' dir='ltr'><em>statutis</em></span> <span class='ocrx_word' id='word_1_99' title='bbox 810 1824 829 1860; x_wconf 86' lang='lat' dir='ltr'><em>a</em></span> <span class='ocrx_word' id='word_1_100' title='bbox 846 1801 910 1861; x_wconf 90' lang='lat' dir='ltr'><em>inre</em></span> <span class='ocrx_word' id='word_1_101' title='bbox 936 1792 1117 1886; x_wconf 87' lang='lat' dir='ltr'><em>temporibus</em></span> <span class='ocrx_word' id='word_1_102' title='bbox 1131 1800 1324 1885; x_wconf 85' lang='lat' dir='ltr'><em>promoueri,</em></span> <span class='ocrx_word' id='word_1_103' title='bbox 1341 1810 1372 1860; x_wconf 90' lang='lat' dir='ltr'><em>et</em></span> <span class='ocrx_word' id='word_1_104' title='bbox 1395 1796 1457 1861; x_wconf 88' lang='lat' dir='ltr'><em>alia</em></span> <span class='ocrx_word' id='word_1_105' title='bbox 1484 1790 1687 1886; x_wconf 71' lang='lat' dir='ltr'><em>Ecclefiofiica</em></span> <span class='ocrx_word' id='word_1_106' title='bbox 1710 1801 1849 1891; x_wconf 87' lang='lat' dir='ltr'><em>recipere</em></span> 
     </span>
     <span class='ocr_line' id='line_1_14' title="bbox 672 1886 1848 1987; baseline 0.006 -30"><span class='ocrx_word' id='word_1_107' title='bbox 672 1892 876 1958; x_wconf 82' lang='lat' dir='ltr'><em>Sacramenta.</em></span> <span class='ocrx_word' id='word_1_108' title='bbox 925 1891 971 1957; x_wconf 86' lang='lat' dir='ltr'><em>Et</em></span> <span class='ocrx_word' id='word_1_109' title='bbox 986 1886 1171 1976; x_wconf 65' lang='lat' dir='ltr'><em>vesontium</em></span> <span class='ocrx_word' id='word_1_110' title='bbox 1186 1890 1308 1957; x_wconf 77' lang='lat' dir='ltr'><em>uberem</em></span> <span class='ocrx_word' id='word_1_111' title='bbox 1323 1889 1362 1959; x_wconf 89' lang='lat' dir='ltr'><em>de</em></span> <span class='ocrx_word' id='word_1_112' title='bbox 1380 1890 1488 1983; x_wconf 80' lang='lat' dir='ltr'><em>vessris</em></span> <span class='ocrx_word' id='word_1_113' title='bbox 1500 1890 1654 1960; x_wconf 75' lang='lat' dir='ltr'><em>laboribus</em></span> <span class='ocrx_word' id='word_1_114' title='bbox 1666 1900 1848 1987; x_wconf 81' lang='lat' dir='ltr'><em>reportetis,</em></span> 
     </span>
     <span class='ocr_line' id='line_1_15' title="bbox 674 1985 1847 2084; baseline 0.006 -27"><span class='ocrx_word' id='word_1_115' title='bbox 674 2008 703 2057; x_wconf 85' lang='lat' dir='ltr'><em>et</em></span> <span class='ocrx_word' id='word_1_116' title='bbox 704 1986 849 2078; x_wconf 79' lang='lat' dir='ltr'><em>sentiatis</em></span> <span class='ocrx_word' id='word_1_117' title='bbox 858 2010 897 2054; x_wconf 84' lang='lat' dir='ltr'><em>ex</em></span> <span class='ocrx_word' id='word_1_118' title='bbox 905 1993 948 2053; x_wconf 88' lang='lat' dir='ltr'><em>eis</em></span> <span class='ocrx_word' id='word_1_119' title='bbox 959 2006 1097 2054; x_wconf 81' lang='lat' dir='ltr'><em>aeternae</em></span> <span class='ocrx_word' id='word_1_120' title='bbox 1100 1985 1216 2075; x_wconf 80' lang='lat' dir='ltr'><em>solutis</em></span> <span class='ocrx_word' id='word_1_121' title='bbox 1230 1987 1321 2055; x_wconf 85' lang='lat' dir='ltr'><em>vobis</em></span> <span class='ocrx_word' id='word_1_122' title='bbox 1332 1988 1484 2056; x_wconf 85' lang='lat' dir='ltr'><em>commodo</em></span> <span class='ocrx_word' id='word_1_123' title='bbox 1499 1989 1624 2058; x_wconf 83' lang='lat' dir='ltr'><em>vberius</em></span> <span class='ocrx_word' id='word_1_124' title='bbox 1633 2008 1847 2084; x_wconf 77' lang='lat' dir='ltr'><em>praecentura,</em></span> 
     </span>
    </p>

    <p class='ocr_par' dir='ltr' id='par_1_3' title="bbox 575 2083 1847 2575">
     <span class='ocr_line' id='line_1_16' title="bbox 575 2083 1847 2177; baseline 0.005 -21"><span class='ocrx_word' id='word_1_125' title='bbox 575 2151 579 2160; x_wconf 84' lang='lat'>.</span> <span class='ocrx_word' id='word_1_126' title='bbox 673 2084 712 2157; x_wconf 87' lang='lat' dir='ltr'><em>de</em></span> <span class='ocrx_word' id='word_1_127' title='bbox 733 2091 941 2177; x_wconf 87' lang='lat' dir='ltr'><em>omnipotentis</em></span> <span class='ocrx_word' id='word_1_128' title='bbox 958 2086 1019 2152; x_wconf 88' lang='lat' dir='ltr'><em>Dei</em></span> <span class='ocrx_word' id='word_1_129' title='bbox 1041 2083 1293 2170; x_wconf 67' lang='lat' dir='ltr'><em>misericordiam</em></span> <span class='ocrx_word' id='word_1_130' title='bbox 1308 2085 1460 2153; x_wconf 82' lang='lat' dir='ltr'><em>beatotum</em></span> <span class='ocrx_word' id='word_1_131' title='bbox 1481 2108 1621 2157; x_wconf 71' lang='lat' dir='ltr'>PETRI</span> <span class='ocrx_word' id='word_1_132' title='bbox 1645 2109 1677 2156; x_wconf 90' lang='lat' dir='ltr'><em>et</em></span> <span class='ocrx_word' id='word_1_133' title='bbox 1702 2114 1847 2163; x_wconf 70' lang='lat' dir='ltr'><em>nvn</em></span> 
     </span>
     <span class='ocr_line' id='line_1_17' title="bbox 674 2172 1845 2277; baseline 0.005 -24"><span class='ocrx_word' id='word_1_134' title='bbox 674 2181 878 2277; x_wconf 72' lang='lat' dir='ltr'><em>Apostolorum</em></span> <span class='ocrx_word' id='word_1_135' title='bbox 897 2181 1075 2250; x_wconf 71' lang='lat' dir='ltr'><em>ortc&#39;loriente</em></span> <span class='ocrx_word' id='word_1_136' title='bbox 1096 2180 1202 2271; x_wconf 74' lang='lat' dir='ltr'><em>confifi,</em></span> <span class='ocrx_word' id='word_1_137' title='bbox 1219 2183 1316 2267; x_wconf 83' lang='lat' dir='ltr'><em>vobis,</em></span> <span class='ocrx_word' id='word_1_138' title='bbox 1342 2206 1372 2250; x_wconf 93' lang='lat' dir='ltr'><em>et</em></span> <span class='ocrx_word' id='word_1_139' title='bbox 1395 2172 1663 2254; x_wconf 63' lang='lat' dir='ltr'><em>diutissimum</em></span> <span class='ocrx_word' id='word_1_140' title='bbox 1680 2191 1845 2261; x_wconf 78' lang='lat' dir='ltr'><em>vobiscum</em></span> 
     </span>
     <span class='ocr_line' id='line_1_18' title="bbox 673 2278 1844 2382; baseline 0.009 -33"><span class='ocrx_word' id='word_1_141' title='bbox 673 2279 718 2349; x_wconf 92' lang='lat' dir='ltr'><em>ad</em></span> <span class='ocrx_word' id='word_1_142' title='bbox 731 2278 831 2348; x_wconf 70' lang='lat' dir='ltr'><em>dilios</em></span> <span class='ocrx_word' id='word_1_143' title='bbox 839 2300 943 2374; x_wconf 87' lang='lat' dir='ltr'><em>portes</em></span> <span class='ocrx_word' id='word_1_144' title='bbox 959 2278 1231 2373; x_wconf 76' lang='lat' dir='ltr'><em>proficiscentibus,</em></span> <span class='ocrx_word' id='word_1_145' title='bbox 1257 2300 1295 2349; x_wconf 84' lang='lat' dir='ltr'><em>vt</em></span> <span class='ocrx_word' id='word_1_146' title='bbox 1301 2279 1494 2375; x_wconf 73' lang='lat' dir='ltr'><em>praefertur,</em></span> <span class='ocrx_word' id='word_1_147' title='bbox 1518 2303 1548 2351; x_wconf 92' lang='lat' dir='ltr'><em>et</em></span> <span class='ocrx_word' id='word_1_148' title='bbox 1575 2282 1713 2377; x_wconf 81' lang='lat' dir='ltr'><em>uestrum</em></span> <span class='ocrx_word' id='word_1_149' title='bbox 1730 2288 1844 2382; x_wconf 81' lang='lat' dir='ltr'><em>fingu-</em></span> 
     </span>
     <span class='ocr_line' id='line_1_19' title="bbox 673 2377 1842 2476; baseline 0.009 -30"><span class='ocrx_word' id='word_1_150' title='bbox 673 2378 723 2463; x_wconf 77' lang='lat' dir='ltr'><em>lis,</em></span> <span class='ocrx_word' id='word_1_151' title='bbox 747 2402 819 2446; x_wconf 83' lang='lat' dir='ltr'><em>uere</em></span> <span class='ocrx_word' id='word_1_152' title='bbox 831 2378 1064 2471; x_wconf 85' lang='lat' dir='ltr'><em>poenitentibus,</em></span> <span class='ocrx_word' id='word_1_153' title='bbox 1091 2399 1121 2446; x_wconf 91' lang='lat' dir='ltr'><em>et</em></span> <span class='ocrx_word' id='word_1_154' title='bbox 1135 2377 1276 2475; x_wconf 72' lang='lat' dir='ltr'><em>confifflr,</em></span> <span class='ocrx_word' id='word_1_155' title='bbox 1301 2380 1383 2448; x_wconf 81' lang='lat' dir='ltr'><em>idam</em></span> <span class='ocrx_word' id='word_1_156' title='bbox 1397 2380 1617 2472; x_wconf 79' lang='lat' dir='ltr'><em>indulgentiam</em></span> <span class='ocrx_word' id='word_1_157' title='bbox 1629 2384 1842 2476; x_wconf 80' lang='lat' dir='ltr'><em>praesentium</em></span> 
     </span>
     <span class='ocr_line' id='line_1_20' title="bbox 672 2470 1842 2575; baseline 0.006 -28"><span class='ocrx_word' id='word_1_158' title='bbox 672 2471 851 2547; x_wconf 74' lang='lat' dir='ltr'><em>aulloritctte</em></span> <span class='ocrx_word' id='word_1_159' title='bbox 869 2475 1067 2564; x_wconf 81' lang='lat' dir='ltr'><em>concedimus,</em></span> <span class='ocrx_word' id='word_1_160' title='bbox 1087 2501 1178 2572; x_wconf 88' lang='lat' dir='ltr'><em>quom</em></span> <span class='ocrx_word' id='word_1_161' title='bbox 1189 2470 1442 2570; x_wconf 74' lang='lat' dir='ltr'><em>proficistentilus</em></span> <span class='ocrx_word' id='word_1_162' title='bbox 1456 2486 1490 2547; x_wconf 92' lang='lat' dir='ltr'><em>in</em></span> <span class='ocrx_word' id='word_1_163' title='bbox 1499 2480 1614 2549; x_wconf 78' lang='lat' dir='ltr'><em>Terrae</em></span> <span class='ocrx_word' id='word_1_164' title='bbox 1622 2478 1756 2570; x_wconf 68' lang='lat' dir='ltr'><em>fitnllae</em></span> <span class='ocrx_word' id='word_1_165' title='bbox 1759 2482 1842 2575; x_wconf 81' lang='lat' dir='ltr'><em>sul·</em></span> 
     </span>
    </p>

    <p class='ocr_par' dir='ltr' id='par_1_4' title="bbox 620 2572 1843 2870">
     <span class='ocr_line' id='line_1_21' title="bbox 620 2572 1843 2670; baseline 0.007 -26"><span class='ocrx_word' id='word_1_166' title='bbox 620 2631 623 2636; x_wconf 90' lang='lat'><em>.</em></span> <span class='ocrx_word' id='word_1_167' title='bbox 661 2572 777 2669; x_wconf 72' lang='lat' dir='ltr'><em>fidium</em></span> <span class='ocrx_word' id='word_1_168' title='bbox 793 2576 887 2645; x_wconf 86' lang='lat' dir='ltr'><em>Sedes</em></span> <span class='ocrx_word' id='word_1_169' title='bbox 897 2572 1059 2670; x_wconf 76' lang='lat' dir='ltr'><em>praedil‘la</em></span> <span class='ocrx_word' id='word_1_170' title='bbox 1078 2573 1235 2646; x_wconf 87' lang='lat' dir='ltr'><em>concedere</em></span> <span class='ocrx_word' id='word_1_171' title='bbox 1258 2574 1419 2665; x_wconf 73' lang='lat' dir='ltr'><em>cortfiteut&#39;t.</em></span> <span class='ocrx_word' id='word_1_172' title='bbox 1467 2578 1516 2649; x_wconf 87' lang='lat' dir='ltr'><em>Ac</em></span> <span class='ocrx_word' id='word_1_173' title='bbox 1552 2579 1774 2670; x_wconf 80' lang='lat' dir='ltr'><em>nibilominus,</em></span> <span class='ocrx_word' id='word_1_174' title='bbox 1800 2605 1843 2664; x_wconf 69' lang='lat' dir='ltr'><em>ut</em></span> 
     </span>
     <span class='ocr_line' id='line_1_22' title="bbox 672 2673 1840 2770; baseline 0.005 -25"><span class='ocrx_word' id='word_1_175' title='bbox 672 2693 861 2746; x_wconf 72' lang='lat' dir='ltr'><em>cuntsrt</em></span> <span class='ocrx_word' id='word_1_176' title='bbox 879 2673 991 2765; x_wconf 86' lang='lat' dir='ltr'><em>fideles</em></span> <span class='ocrx_word' id='word_1_177' title='bbox 1006 2674 1294 2770; x_wconf 81' lang='lat' dir='ltr'><em>qunstperproemin</em></span> <span class='ocrx_word' id='word_1_178' title='bbox 1301 2674 1469 2766; x_wconf 83' lang='lat' dir='ltr'><em>salubriter</em></span> <span class='ocrx_word' id='word_1_179' title='bbox 1491 2683 1657 2747; x_wconf 86' lang='lat' dir='ltr'><em>inuitemus</em></span> <span class='ocrx_word' id='word_1_180' title='bbox 1675 2678 1721 2750; x_wconf 86' lang='lat' dir='ltr'><em>ad</em></span> <span class='ocrx_word' id='word_1_181' title='bbox 1740 2691 1840 2754; x_wconf 84' lang='lat' dir='ltr'><em>men·-</em></span> 
     </span>
     <span class='ocr_line' id='line_1_23' title="bbox 671 2772 1839 2870; baseline 0.007 -29"><span class='ocrx_word' id='word_1_182' title='bbox 671 2793 706 2841; x_wconf 88' lang='lat' dir='ltr'><em>ta</em></span> <span class='ocrx_word' id='word_1_183' title='bbox 737 2828 748 2860; x_wconf 86' lang='lat'>,</span> <span class='ocrx_word' id='word_1_184' title='bbox 792 2772 931 2842; x_wconf 89' lang='lat' dir='ltr'><em>omnibns</em></span> <span class='ocrx_word' id='word_1_185' title='bbox 947 2798 1020 2841; x_wconf 86' lang='lat' dir='ltr'><em>vere</em></span> <span class='ocrx_word' id='word_1_186' title='bbox 1036 2773 1257 2865; x_wconf 83' lang='lat' dir='ltr'><em>poenitentibus</em></span> <span class='ocrx_word' id='word_1_187' title='bbox 1273 2795 1303 2841; x_wconf 88' lang='lat' dir='ltr'><em>et</em></span> <span class='ocrx_word' id='word_1_188' title='bbox 1322 2773 1453 2868; x_wconf 81' lang='lat' dir='ltr'><em>confeffis</em></span> <span class='ocrx_word' id='word_1_189' title='bbox 1469 2782 1524 2870; x_wconf 88' lang='lat' dir='ltr'><em>qui</em></span> <span class='ocrx_word' id='word_1_190' title='bbox 1552 2777 1696 2869; x_wconf 76' lang='lat' dir='ltr'><em>Ecclefioc</em></span> <span class='ocrx_word' id='word_1_191' title='bbox 1708 2799 1753 2846; x_wconf 59' lang='lat' dir='ltr'><em>xet</em></span> <span class='ocrx_word' id='word_1_192' title='bbox 1765 2781 1839 2849; x_wconf 78' lang='lat' dir='ltr'><em>loca</em></span> 
     </span>
    </p>

    <p class='ocr_par' dir='ltr' id='par_1_5' title="bbox 651 2863 1833 2970">
     <span class='ocr_line' id='line_1_24' title="bbox 651 2863 1833 2970; baseline 0.011 -37"><span class='ocrx_word' id='word_1_193' title='bbox 651 2927 653 2932; x_wconf 94' lang='lat'><em>.</em></span> <span class='ocrx_word' id='word_1_194' title='bbox 672 2868 871 2953; x_wconf 69' lang='lat' dir='ltr'><em>Eectestasttea</em></span> <span class='ocrx_word' id='word_1_195' title='bbox 877 2867 1022 2949; x_wconf 84' lang='lat' dir='ltr'><em>fidelium</em></span> <span class='ocrx_word' id='word_1_196' title='bbox 1037 2876 1172 2953; x_wconf 85' lang='lat' dir='ltr'><em>partium</em></span> <span class='ocrx_word' id='word_1_197' title='bbox 1188 2869 1361 2935; x_wconf 83' lang='lat' dir='ltr'><em>earumdem</em></span> <span class='ocrx_word' id='word_1_198' title='bbox 1375 2872 1453 2937; x_wconf 85' lang='lat' dir='ltr'><em>inibi</em></span> <span class='ocrx_word' id='word_1_199' title='bbox 1472 2863 1645 2968; x_wconf 69' lang='lat' dir='ltr'><em>cottslrtslla,</em></span> <span class='ocrx_word' id='word_1_200' title='bbox 1658 2875 1716 2943; x_wconf 85' lang='lat' dir='ltr'><em>vel</em></span> <span class='ocrx_word' id='word_1_201' title='bbox 1729 2881 1833 2970; x_wconf 84' lang='lat' dir='ltr'><em>impo-</em></span> 
     </span>
    </p>

    <p class='ocr_par' dir='ltr' id='par_1_6' title="bbox 627 2953 1836 3563">
     <span class='ocr_line' id='line_1_25' title="bbox 627 2953 1835 3062; baseline 0.019 -38"><span class='ocrx_word' id='word_1_202' title='bbox 627 3008 641 3036; x_wconf 83' lang='lat'><strong>.</strong></span> <span class='ocrx_word' id='word_1_203' title='bbox 667 2957 784 3054; x_wconf 72' lang='lat' dir='ltr'><em>flentem</em></span> <span class='ocrx_word' id='word_1_204' title='bbox 801 2953 1102 3057; x_wconf 50' lang='lat' dir='ltr'><em>&#39;corfiruendomousa</em></span> <span class='ocrx_word' id='word_1_205' title='bbox 1127 2960 1297 3050; x_wconf 80' lang='lat' dir='ltr'><em>densationis</em></span> <span class='ocrx_word' id='word_1_206' title='bbox 1311 2967 1513 3058; x_wconf 77' lang='lat' dir='ltr'><em>vr&#39;sitouerint,</em></span> <span class='ocrx_word' id='word_1_207' title='bbox 1538 2965 1746 3062; x_wconf 56' lang='lat' dir='ltr'><em>vel&#39;fabrt‘cat</em></span> <span class='ocrx_word' id='word_1_208' title='bbox 1766 2975 1835 3046; x_wconf 88' lang='lat' dir='ltr'><em>Ec·</em></span> 
     </span>
     <span class='ocr_line' id='line_1_26' title="bbox 673 3056 1836 3166; baseline 0.017 -41"><span class='ocrx_word' id='word_1_209' title='bbox 673 3056 838 3146; x_wconf 82' lang='lat' dir='ltr'><em>clefiancm,</em></span> <span class='ocrx_word' id='word_1_210' title='bbox 857 3074 886 3123; x_wconf 91' lang='lat' dir='ltr'><em>et</em></span> <span class='ocrx_word' id='word_1_211' title='bbox 899 3057 1031 3125; x_wconf 89' lang='lat' dir='ltr'><em>locorum</em></span> <span class='ocrx_word' id='word_1_212' title='bbox 1047 3056 1201 3151; x_wconf 80' lang='lat' dir='ltr'><em>ipfitrum,</em></span> <span class='ocrx_word' id='word_1_213' title='bbox 1224 3081 1263 3131; x_wconf 79' lang='lat' dir='ltr'><em>‘ot</em></span> <span class='ocrx_word' id='word_1_214' title='bbox 1283 3066 1436 3161; x_wconf 75' lang='lat' dir='ltr'><em>Ministris</em></span> <span class='ocrx_word' id='word_1_215' title='bbox 1459 3090 1491 3138; x_wconf 90' lang='lat' dir='ltr'><em>et</em></span> <span class='ocrx_word' id='word_1_216' title='bbox 1511 3069 1708 3158; x_wconf 85' lang='lat' dir='ltr'><em>seruitoribus</em></span> <span class='ocrx_word' id='word_1_217' title='bbox 1723 3072 1836 3166; x_wconf 82' lang='lat' dir='ltr'><em>fideli·</em></span> 
     </span>
     <span class='ocr_line' id='line_1_27' title="bbox 671 3153 1832 3263; baseline 0.02 -41"><span class='ocrx_word' id='word_1_218' title='bbox 671 3153 728 3224; x_wconf 82' lang='lat' dir='ltr'><em>lut</em></span> <span class='ocrx_word' id='word_1_219' title='bbox 742 3178 844 3223; x_wconf 85' lang='lat' dir='ltr'><em>eornm</em></span> <span class='ocrx_word' id='word_1_220' title='bbox 860 3162 1024 3224; x_wconf 86' lang='lat' dir='ltr'><em>caritotiuo</em></span> <span class='ocrx_word' id='word_1_221' title='bbox 1060 3156 1207 3228; x_wconf 81' lang='lat' dir='ltr'><em>duxerint</em></span> <span class='ocrx_word' id='word_1_222' title='bbox 1227 3159 1364 3251; x_wconf 80' lang='lat' dir='ltr'><em>fitbstdt&#39;a</em></span> <span class='ocrx_word' id='word_1_223' title='bbox 1380 3166 1539 3260; x_wconf 79' lang='lat' dir='ltr'><em>eroganda,</em></span> <span class='ocrx_word' id='word_1_224' title='bbox 1548 3171 1680 3263; x_wconf 75' lang='lat' dir='ltr'><em>singulis</em></span> <span class='ocrx_word' id='word_1_225' title='bbox 1710 3172 1832 3258; x_wconf 81' lang='lat' dir='ltr'><em>diebus,</em></span> 
     </span>
     <span class='ocr_line' id='line_1_28' title="bbox 673 3250 1833 3358; baseline 0.02 -40"><span class='ocrx_word' id='word_1_226' title='bbox 673 3250 783 3348; x_wconf 77' lang='lat' dir='ltr'><em>quibus</em></span> <span class='ocrx_word' id='word_1_227' title='bbox 802 3251 837 3319; x_wconf 92' lang='lat' dir='ltr'><em>id</em></span> <span class='ocrx_word' id='word_1_228' title='bbox 849 3277 923 3321; x_wconf 84' lang='lat' dir='ltr'><em>vere</em></span> <span class='ocrx_word' id='word_1_229' title='bbox 932 3261 1127 3346; x_wconf 77' lang='lat' dir='ltr'><em>poenitentes,</em></span> <span class='ocrx_word' id='word_1_230' title='bbox 1146 3277 1179 3323; x_wconf 86' lang='lat' dir='ltr'><em>et</em></span> <span class='ocrx_word' id='word_1_231' title='bbox 1197 3257 1316 3358; x_wconf 75' lang='lat' dir='ltr'><em>confeffi</em></span> <span class='ocrx_word' id='word_1_232' title='bbox 1324 3260 1469 3354; x_wconf 76' lang='lat' dir='ltr'><em>jecerint,</em></span> <span class='ocrx_word' id='word_1_233' title='bbox 1484 3287 1601 3336; x_wconf 87' lang='lat' dir='ltr'><em>centttm</em></span> <span class='ocrx_word' id='word_1_234' title='bbox 1621 3268 1690 3340; x_wconf 88' lang='lat' dir='ltr'><em>dies</em></span> <span class='ocrx_word' id='word_1_235' title='bbox 1712 3269 1755 3340; x_wconf 85' lang='lat' dir='ltr'><em>de</em></span> <span class='ocrx_word' id='word_1_236' title='bbox 1781 3279 1833 3341; x_wconf 86' lang='lat' dir='ltr'><em>in·</em></span> 
     </span>
     <span class='ocr_line' id='line_1_29' title="bbox 670 3347 1834 3463; baseline 0.019 -45"><span class='ocrx_word' id='word_1_237' title='bbox 670 3347 785 3418; x_wconf 73' lang='lat' dir='ltr'><em>inullis</em></span> <span class='ocrx_word' id='word_1_238' title='bbox 803 3357 846 3418; x_wconf 92' lang='lat' dir='ltr'><em>eis</em></span> <span class='ocrx_word' id='word_1_239' title='bbox 857 3358 1050 3445; x_wconf 84' lang='lat' dir='ltr'><em>poenitentiis</em></span> <span class='ocrx_word' id='word_1_240' title='bbox 1065 3355 1297 3441; x_wconf 68' lang='lat' dir='ltr'><em>nutriendum</em></span> <span class='ocrx_word' id='word_1_241' title='bbox 1313 3364 1497 3442; x_wconf 78' lang='lat' dir='ltr'><em>relaxamus,</em></span> <span class='ocrx_word' id='word_1_242' title='bbox 1547 3365 1594 3433; x_wconf 87' lang='lat' dir='ltr'><em>Et</em></span> <span class='ocrx_word' id='word_1_243' title='bbox 1620 3376 1695 3463; x_wconf 84' lang='lat' dir='ltr'><em>quin</em></span> <span class='ocrx_word' id='word_1_244' title='bbox 1712 3393 1783 3442; x_wconf 71' lang='lat' dir='ltr'><em>voss</em></span> <span class='ocrx_word' id='word_1_245' title='bbox 1803 3391 1834 3440; x_wconf 87' lang='lat' dir='ltr'><em>et</em></span> 
     </span>
     <span class='ocr_line' id='line_1_30' title="bbox 669 3448 1833 3563; baseline 0.02 -48"><span class='ocrx_word' id='word_1_246' title='bbox 669 3449 860 3563; x_wconf 75' lang='lat' dir='ltr'><em>¹Fratresolii</em></span> <span class='ocrx_word' id='word_1_247' title='bbox 875 3448 1029 3542; x_wconf 90' lang='lat' dir='ltr'><em>adportes</em></span> <span class='ocrx_word' id='word_1_248' title='bbox 1045 3451 1221 3546; x_wconf 76' lang='lat' dir='ltr'><em>proedillcs</em></span> <span class='ocrx_word' id='word_1_249' title='bbox 1237 3463 1295 3551; x_wconf 86' lang='lat' dir='ltr'><em>pro</em></span> <span class='ocrx_word' id='word_1_250' title='bbox 1317 3462 1511 3553; x_wconf 85' lang='lat' dir='ltr'><em>ampliatione</em></span> <span class='ocrx_word' id='word_1_251' title='bbox 1528 3461 1610 3551; x_wconf 81' lang='lat' dir='ltr'><em>fidei</em></span> <span class='ocrx_word' id='word_1_252' title='bbox 1632 3467 1833 3540; x_wconf 82' lang='lat' dir='ltr'><em>Ortlsodoxoe</em></span> 
     </span>
    </p>

    <p class='ocr_par' dir='ltr' id='par_1_7' title="bbox 548 3543 1833 4153">
     <span class='ocr_line' id='line_1_31' title="bbox 548 3543 1832 3655; baseline 0.021 -46"><span class='ocrx_word' id='word_1_253' title='bbox 548 3585 558 3596; x_wconf 40' lang='grc' dir='ltr'><em>α</em></span> <span class='ocrx_word' id='word_1_254' title='bbox 663 3543 878 3641; x_wconf 76' lang='lat' dir='ltr'><em>proficiscentes</em></span> <span class='ocrx_word' id='word_1_255' title='bbox 899 3548 1054 3619; x_wconf 82' lang='lat' dir='ltr'><em>vobiscum</em></span> <span class='ocrx_word' id='word_1_256' title='bbox 1075 3557 1110 3619; x_wconf 92' lang='lat' dir='ltr'><em>in</em></span> <span class='ocrx_word' id='word_1_257' title='bbox 1136 3551 1253 3639; x_wconf 88' lang='lat' dir='ltr'><em>eundo,</em></span> <span class='ocrx_word' id='word_1_258' title='bbox 1279 3555 1436 3646; x_wconf 87' lang='lat' dir='ltr'><em>morando,</em></span> <span class='ocrx_word' id='word_1_259' title='bbox 1461 3581 1491 3628; x_wconf 88' lang='lat' dir='ltr'><em>et</em></span> <span class='ocrx_word' id='word_1_260' title='bbox 1512 3559 1667 3633; x_wconf 85' lang='lat' dir='ltr'><em>redeundo</em></span> <span class='ocrx_word' id='word_1_261' title='bbox 1684 3563 1832 3655; x_wconf 83' lang='lat' dir='ltr'><em>fidelium</em></span> 
     </span>
     <span class='ocr_line' id='line_1_32' title="bbox 667 3643 1832 3750; baseline 0.019 -37"><span class='ocrx_word' id='word_1_262' title='bbox 667 3651 827 3716; x_wconf 87' lang='lat' dir='ltr'><em>coritotiuo</em></span> <span class='ocrx_word' id='word_1_263' title='bbox 840 3643 1162 3738; x_wconf 54' lang='lat' dir='ltr'><em>,nosciminijulfidiffi</em></span> <span class='ocrx_word' id='word_1_264' title='bbox 1188 3649 1330 3742; x_wconf 86' lang='lat' dir='ltr'><em>etsecuro</em></span> <span class='ocrx_word' id='word_1_265' title='bbox 1343 3653 1491 3727; x_wconf 72' lang='lat' dir='ltr'><em>cotsdctc‘lu</em></span> <span class='ocrx_word' id='word_1_266' title='bbox 1508 3683 1601 3750; x_wconf 85' lang='lat' dir='ltr'><em>egere,</em></span> <span class='ocrx_word' id='word_1_267' title='bbox 1613 3664 1754 3733; x_wconf 76' lang='lat' dir='ltr'><em>omnibus</em></span> <span class='ocrx_word' id='word_1_268' title='bbox 1772 3691 1832 3737; x_wconf 81' lang='lat' dir='ltr'><em>ve·</em></span> 
     </span>
     <span class='ocr_line' id='line_1_33' title="bbox 667 3743 1833 3858; baseline 0.013 -40"><span class='ocrx_word' id='word_1_269' title='bbox 667 3767 701 3812; x_wconf 77' lang='lat' dir='ltr'><em>re</em></span> <span class='ocrx_word' id='word_1_270' title='bbox 717 3744 948 3837; x_wconf 61' lang='lat' dir='ltr'><em>poenitentum,</em></span> <span class='ocrx_word' id='word_1_271' title='bbox 964 3765 992 3812; x_wconf 90' lang='lat' dir='ltr'><em>et</em></span> <span class='ocrx_word' id='word_1_272' title='bbox 1010 3743 1149 3840; x_wconf 53' lang='lat' dir='ltr'><em>coffifflu</em></span> <span class='ocrx_word' id='word_1_273' title='bbox 1171 3756 1226 3843; x_wconf 88' lang='lat' dir='ltr'><em>qni</em></span> <span class='ocrx_word' id='word_1_274' title='bbox 1247 3751 1333 3822; x_wconf 83' lang='lat' dir='ltr'><em>vobis</em></span> <span class='ocrx_word' id='word_1_275' title='bbox 1352 3755 1550 3844; x_wconf 82' lang='lat' dir='ltr'><em>prosecutioni</em></span> <span class='ocrx_word' id='word_1_276' title='bbox 1578 3768 1705 3854; x_wconf 78' lang='lat' dir='ltr'><em>tempii</em></span> <span class='ocrx_word' id='word_1_277' title='bbox 1727 3775 1833 3858; x_wconf 82' lang='lat' dir='ltr'><em>operis</em></span> 
     </span>
     <span class='ocr_line' id='line_1_34' title="bbox 665 3837 1833 3952; baseline 0.021 -46"><span class='ocrx_word' id='word_1_278' title='bbox 665 3837 845 3930; x_wconf 83' lang='lat' dir='ltr'><em>inflantibus</em></span> <span class='ocrx_word' id='word_1_279' title='bbox 860 3840 1029 3932; x_wconf 76' lang='lat' dir='ltr'><em>Jtrlfidium</em></span> <span class='ocrx_word' id='word_1_280' title='bbox 1040 3863 1069 3910; x_wconf 91' lang='lat' dir='ltr'><em>et</em></span> <span class='ocrx_word' id='word_1_281' title='bbox 1085 3845 1220 3928; x_wconf 71' lang='lat' dir='ltr'><em>lesurnm</em></span> <span class='ocrx_word' id='word_1_282' title='bbox 1241 3849 1419 3940; x_wconf 77' lang='lat' dir='ltr'><em>condullctm</em></span> <span class='ocrx_word' id='word_1_283' title='bbox 1432 3862 1530 3946; x_wconf 86' lang='lat' dir='ltr'><em>gratis</em></span> <span class='ocrx_word' id='word_1_284' title='bbox 1551 3857 1778 3952; x_wconf 73' lang='lat' dir='ltr'><em>praestiterint,</em></span> <span class='ocrx_word' id='word_1_285' title='bbox 1801 3889 1833 3938; x_wconf 83' lang='lat' dir='ltr'><em>et</em></span> 
     </span>
     <span class='ocr_line' id='line_1_35' title="bbox 665 3936 1830 4050; baseline 0.02 -42"><span class='ocrx_word' id='word_1_286' title='bbox 665 3944 742 4008; x_wconf 85' lang='lat' dir='ltr'><em>circa</em></span> <span class='ocrx_word' id='word_1_287' title='bbox 763 3936 817 4004; x_wconf 85' lang='lat' dir='ltr'><em>hoc</em></span> <span class='ocrx_word' id='word_1_288' title='bbox 850 3941 1001 4009; x_wconf 79' lang='lat' dir='ltr'><em>auxilinm</em></span> <span class='ocrx_word' id='word_1_289' title='bbox 1016 3961 1047 4009; x_wconf 89' lang='lat' dir='ltr'><em>et</em></span> <span class='ocrx_word' id='word_1_290' title='bbox 1066 3942 1218 4050; x_wconf 70' lang='lat' dir='ltr'><em>confilium</em></span> <span class='ocrx_word' id='word_1_291' title='bbox 1240 3949 1454 4043; x_wconf 84' lang='lat' dir='ltr'><em>impenderint</em></span> <span class='ocrx_word' id='word_1_292' title='bbox 1491 3973 1698 4049; x_wconf 83' lang='lat' dir='ltr'><em>opportunum,</em></span> <span class='ocrx_word' id='word_1_293' title='bbox 1733 3966 1830 4037; x_wconf 81' lang='lat' dir='ltr'><em>iuxta</em></span> 
     </span>
     <span class='ocr_line' id='line_1_36' title="bbox 1722 4083 1829 4153; baseline 0.056 -24"><span class='ocrx_word' id='word_1_294' title='bbox 1722 4083 1829 4153; x_wconf 83' lang='lat' dir='ltr'><em>qnare·</em></span> 
     </span>
    </p>
   </div>
   <div class='ocr_carea' id='block_1_3' title="bbox 0 0 2434 5200">
    <p class='ocr_par' dir='ltr' id='par_1_8' title="bbox 0 0 2434 5200">
     <span class='ocr_line' id='line_1_37' title="bbox 0 0 2434 5200; baseline 0 8"><span class='ocrx_word' id='word_1_295' title='bbox 0 0 2434 5200; x_wconf 95' lang='lat' dir='ltr'><em> </em></span> 
     </span>
    </p>
   </div>
  </div>
 </body>
</html>
