4859 5200
1135 624 1155 678 ’-
1184 634 1259 714 ’σε
1288 623 1400 721 >160
1425 626 1442 724 (
1466 633 1523 705 ἓν
1699 710 1704 717 .

765 776 923 841 exercere,
950 747 1123 823 multitudo
1139 747 1361 845 indigenarum
1378 748 1423 822 od
1438 774 1548 821 uotam
1565 750 1703 824 eiusdem
1712 751 1795 848 fidei
1811 753 1972 845 Iucemyde

696 925 703 933 ,
757 854 889 950 suorum
905 851 1220 945 errorum'teuebrir,
1246 849 1287 947 esi
1301 850 1461 943 conuersa,
1485 853 1620 922 etmulti
1635 855 1713 943 alii,
1742 854 1851 951 qui-ab
1868 855 1970 951 ipsius

758 951 840 1048 fider¹
858 949 1049 1023 retirrodrne
1062 949 1283 1039 declinabant,
1317 949 1361 1022 ad
1377 947 1515 1022 eiusdem
1540 951 1692 1045 Ecclesiae
1707 962 1862 1047 gremium
1880 953 1971 1048 sunt
2012 1035 2016 1041 .

766 1055 895 1150 munst,
921 1075 953 1124 et
970 1051 1054 1146 ficut
1070 1050 1182 1137 deuote
1199 1049 1366 1140 creditur,
1402 1071 1435 1121 et
1455 1050 1669 1145 vere'fimiiiter
1674 1051 1826 1149 speratur
1841 1060 1877 1124 in
1897 1056 1973 1125 Da·

764 1165 869 1244 mina,
885 1175 988 1226 terrae
1008 1149 1174 1248 praefatae
1198 1153 1359 1222 hominurn
1383 1149 1531 1223 necdum
1552 1150 1772 1245 conuersorum
1786 1148 1973 1252 diffufianir

766 1251 987 1330 multitudinis
1002 1250 1173 1347 tonuersto,
1197 1254 1265 1321 Deo
1281 1250 1451 1345 largiente,
1477 1249 1627 1339 suecedet.
1678 1253 1758 1322 Ecce
1783 1260 1883 1346 igitur
1903 1253 1973 1324 Ve-

766 1348 1975 1452 ntrobilirfraternoflerntcoaAvsArchiepiscopurCambalienfirdifdi

769 1454 902 1530 Ordinis
911 1456 1076 1527 Minurum
1081 1445 1240 1548 profeffor²
1249 1448 1423 1538 deuotione,
1430 1448 1510 1545 fide,
1530 1443 1697 1543 Thelogita
1709 1449 1852 1541 scientio,
1863 1470 1974 1547 expe·

769 1564 899 1644 rientia,
914 1574 946 1626 et
956 1551 1049 1651 fama
1060 1553 1262 1649 praeclarus,
1290 1574 1380 1648 quem
1398 1548 1438 1621 dt
1453 1552 1601 1621 Fratrum
1618 1548 1789 1646 nostrorum
1806 1552 1853 1631 S.¹
1863 1553 1906 1623 R.
1922 1546 1974 1627 Ε.

768 1655 987 1729 cardinalium
1014 1651 1133 1746 confilio
1160 1650 1311 1745 Ecclesiae
1329 1649 1611 1722 Combalien.tuno
1627 1656 1779 1744 vacanti,
1802 1669 1903 1745 nuper
1933 1656 1974 1721 in

711 1838 713 1845 ¹
768 1755 1035 1849 Arahiepiscopum
1047 1749 1256 1847 praefecimus
1273 1770 1305 1821 et
1315 1748 1484 1845 pastorem,
1501 1747 1545 1820 ad
1560 1748 1699 1821 eamdem
1725 1745 1973 1841 Combalienfltm

768 1849 1086 1948 Ettdefiamsponsam
1094 1849 1188 1939 suam
1203 1874 1272 1920 eum
1287 1846 1429 1938 decenti,
1451 1870 1484 1919 et
1509 1847 1651 1943 honesta,
1679 1870 1711 1920 et
1737 1846 1882 1940 virtuosa
1908 1851 1972 1927 Co,-

766 1960 882 2028 mt'tiua
899 1954 1046 2026 Fratrum
1059 1946 1140 2021 ditio·
1158 1947 1310 2036 Ordinis,
1332 1973 1387 2020 net
1402 1972 1466 2020 non
1480 1946 1525 2020 ad
1539 1950 1622 2020 aliae
1645 1968 1748 2020 terrae
1770 1956 1834 2019 iam
1861 1944 1970 2021 ditior

764 2075 874 2154 parter
890 2076 958 2124 oum
971 2055 1080 2145 gratia
1098 2047 1218 2144 nostrae
1229 2040 1454 2120 beneditiioots
1469 2053 1605 2137 accedit,
1634 2069 1675 2119 vt
1687 2048 1744 2144 ipfi
1757 2048 1890 2131 uerbum
1902 2050 1973 2119 Do·

770 2162 879 2227 minici
894 2150 1048 2246 dogmatis
1072 2149 1376 2242 Euangelieagrana
1391 2145 1521 2241 serant,
1544 2170 1575 2220 et
1593 2171 1661 2238 eor,
1696 2172 1775 2247 quor
1801 2146 1848 2219 ad
1872 2150 1973 2242 legem

690 2321 696 2332 ,
772 2273 968 2331 cuats'rt
1002 2243 1233 2335 romermunt,
1254 2246 1385 2344 pascant
1400 2246 1539 2320 duleiter
1552 2248 1648 2320 verbo
1664 2250 1727 2340 Dei
1735 2303 1745 2336 ,
1761 2272 1798 2318 ac
1812 2246 1895 2345 ipsos
1909 2246 1970 2319 do·

774 2374 864 2428 ceant
879 2375 1019 2424 normam
1031 2347 1111 2442 fidei
1133 2369 1341 2437 memoratae,
1368 2349 1510 2446 aliosque
1540 2356 1604 2420 iam
1626 2343 1785 2440 conuersoi
1809 2353 1845 2417 in
1868 2346 1974 2442 obser·

771 2461 887 2529 nantia
904 2448 1086 2548 ipfiurfidei
1104 2447 1252 2542 suauiter
1263 2446 1425 2539 foueam,
1458 2468 1491 2516 et
1506 2447 1698 2541 confirment.
1751 2450 1830 2517 Cum
1856 2455 1973 2546 itaque

770 2553 868 2631 ditior
886 2547 1116 2647 Arrhiepiscopo
1135 2568 1167 2619 tt
1192 2544 1356 2620 Foatrrbur
1370 2544 1416 2641 stt
1433 2553 1483 2617 tui
1500 2548 1646 2618 culminis
1662 2544 1794 2638 fauoris
1816 2545 1980 2644 praefidi·.

772 2681 826 2731 um
844 2673 1050 2752 opportunum
1059 2648 1266 2742 serenitatem
1284 2656 1400 2742 regiam
1417 2667 1538 2718 attente
1555 2670 1720 2741 rogamur,
1744 2667 1778 2716 et
1803 2651 1974 2721 hortamur

772 2767 807 2829 in
821 2760 956 2838 Domino
984 2770 1091 2825 nutv
1122 2771 1350 2838 carnosae,
1376 2767 1534 2844 quatenus
1551 2767 1611 2843 pra
1626 2744 1740 2819 diuina
1765 2766 1797 2816 et
1814 2747 2000 2844 Apostoli·-

772 2877 825 2926 eoe
843 2849 934 2918 Sedis
950 2853 1146 2928 reuerentia,
1172 2865 1205 2910 et
1217 2862 1276 2935 pro
1294 2847 1431 2912 eiusdem
1441 2843 1523 2935 fidei
1538 2847 1672 2934 honore,
1697 2873 1734 2917 aa
1750 2844 1871 2940 nostrae
1897 2851 1976 2922 hor·

772 2953 905 3022 tationis
930 2938 1110 3013 huiusmodi
1118 2937 1273 3030 obtenta,
1315 2939 1394 3034 ipfhs
1417 2965 1487 3011 cum
1514 2941 1559 3012 od
1583 2964 1674 3015 tuum
1699 2943 1913 3041 conspolium,
1940 2970 1974 3020 et

771 3052 839 3124 lota
854 3052 904 3118 tui
928 3048 1015 3137 regni
1028 3046 1233 3137 peruenerint
1249 3040 1363 3132 regalis
1377 3037 1581 3133 benignitatis
1597 3041 1714 3141 offitio
1736 3053 1890 3141 recipior,
1920 3069 1974 3120 at·

771 3175 834 3251 que
872 3142 1017 3229 trotio,
1051 3160 1084 3210 et
1107 3137 1339 3234 recutifaeiar‚
1365 3149 1567 3230 attractari,
1600 3168 1711 3242 eosque
1735 3146 1850 3215 habeas
1871 3145 1975 3237 fauo·

772 3243 916 3322 rabiliter
932 3263 965 3314 et
981 3236 1397 3336 ffcacitercommendator‚
1427 3259 1468 3309 vt
1484 3242 1599 3334 regalis
1614 3241 1792 3314 deuotionis
1799 3245 1975 3338 finctritar

773 3345 888 3446 exinde
903 3342 1077 3441 alloquatur
1092 3340 1225 3412 titulum
1243 3342 1396 3411 humanae
1406 3337 1524 3430 leudis,
1541 3366 1576 3411 at
1593 3341 1975 3437 diuinaessmisericordiae

767 3444 915 3543 frufium
918 3449 1078 3617 dmidm
1086 3459 1254 3515 mereatur.
1306 3442 1428 3536 Datum
1447 3441 1610 3531 Auenione
1628 3445 1672 3518 Il.
1687 3444 1763 3522 Kal.
1773 3446 1975 3520 Nouembris
1996 3506 2006 3530 ,

693 3544 914 3668 ‘anon
955 3541 1027 3615 11.
1127 3635 1130 3640 ¹
1391 3585 1394 3594 .

1124 3696 1127 3699 ’
1210 3671 1275 3765 N.
1327 3665 1496 3766 LXXI.

774 3807 832 3884 Ex
857 3821 1138 3885 wunnmoo
1172 3795 1369 3901 vbistepro.
1391 3820 1427 3904 p.
1443 3828 1518 3906 141.
1602 3824 1606 3833 ·

871 3903 1021 3970 Vniuerso
1036 3904 1158 3990 populo
1168 3900 1379 3967 'l‘artarorum
1388 3904 1470 3970 viam
1483 3903 1647 3990 agnoscere
1658 3904 1806 3974 veritatis.

775 3994 956 4171 Solantur
972 4008 1070 4106 nofler
1087 3999 1228 4100 [remmus
1245 4006 1397 4100 Pontifex
1412 4017 1447 4084 in
1463 4032 1626 4082 aeternum
1642 4069 1651 4101 ,
1667 4009 1739 4082 Rex
1754 4013 1889 4108 Regum,
1907 4017 1983 4088 Do.

845 4123 952 4189 minus
968 4109 1222 4202 dominantium,
1246 4109 1404 4181 Dominus
1427 4108 1528 4209 noster
1551 4133 1675 4188 rasus
1713 4133 1993 4212 connotant,

1886 4212 1986 4302 beate
2081 4241 2093 4260 ··
