4859 5200
682 764 689 778 ι
898 671 957 746 ⁴!
983 660 1003 754 )
1029 676 1093 756 ¹43
1118 655 1136 747 (
1163 663 1221 736 Ι*

455 783 611 881 ,sensuum
625 786 791 884 plenitudo
808 787 949 885 confisis,
971 814 992 860 a
1007 811 1069 887 quo
1087 785 1134 860 ad
1140 786 1269 884 fingula
1283 789 1419 862 membro
1433 792 1564 862 occunis
1577 811 1662 871 msa·

467 887 554 958 tibur
568 907 646 985 pars
662 887 773 986 aliqua
793 888 955 986 tamquam
970 915 991 960 a
1005 887 1106 979 fonte
1120 889 1248 985 riuulut
1263 885 1451 967 deriuatutt
1466 891 1514 984 stc
1531 910 1598 961 tres
1612 888 1658 986 fi-

467 980 586 1056 delium
601 985 728 1059 ordines
753 996 788 1057 in
804 988 941 1083 ecclesa,
953 1059 955 1063 ,
968 1009 1083 1080 tuot,
1114 1010 1319 1080 namn,
1351 1010 1383 1058 et
1400 998 1500 1078 ἰοῦ,
1521 991 1662 1083 praelati

463 1081 626 1173 videlicet,
646 1094 859 1179 continentes,
881 1109 913 1158 et
929 1093 1106 1180 coniugati:
1132 1112 1211 1187 quas
1238 1109 1473 1162 ttzttetttttt.
1491 1085 1565 1157 vidi
1586 1088 1659 1158 ele·

458 1189 551 1276 gitur
564 1190 599 1253 in
618 1184 950 1279 vistonesalucndosa
972 1210 1025 1262 ez
1037 1210 1137 1261 rao.
1180 1189 1277 1258 Petra
1281 1186 1380 1285 super
1401 1211 1497 1286 quarn
1520 1208 1584 1258 non
1604 1183 1663 1257 dt·

461 1294 548 1353 mum
554 1281 664 1376 stritus
680 1285 815 1375 Libani,
837 1311 901 1359 nan
912 1295 1072 1384 porticum
1091 1288 1325 1376 columnarum,
1348 1312 1412 1359 non
1428 1284 1555 1357 dantum
1567 1275 1661 1377 filiae

461 1402 485 1449 r>
497 1402 520 1448 tr
531 1403 554 1449 n
565 1399 621 1450 an
631 1399 651 1449 ο
661 1401 761 1454 urst
778 1385 842 1469 sed
855 1386 1006 1469 ecelefian
1013 1386 1108 1469 suam
1124 1383 1305 1474 aedificauic
1322 1388 1499 1468 Dominus,
1508 1376 1661 1473 fidelibus

462 1476 616 1546 videlicet
629 1473 669 1546 de
685 1484 770 1548 omni
781 1499 895 1570 genere
904 1475 1036 1572 piscium
1051 1483 1088 1549 in
1106 1483 1176 1549 eius
1191 1499 1260 1551 rete
1284 1480 1448 1574 concluso,
1474 1499 1663 1577 tanquama

456 1583 594 1672 primate
606 1587 797 1671 primatum,
823 1581 881 1673 qui
897 1573 938 1644 de
945 1572 1042 1665 sonte
1058 1573 1208 1648 dominici
1221 1575 1357 1674 petieris
1366 1576 1493 1676 fluenta
1510 1585 1662 1675 potaue'tt

461 1696 494 1745 et
501 1673 580 1768 suae
587 1673 708 1768 salutis
724 1675 838 1747 deb'ent
848 1671 1005 1770 poslulare
1019 1673 1178 1765 remedia,
1203 1697 1236 1748 et
1255 1701 1324 1748 tum
1340 1687 1427 1749 omni
1441 1683 1603 1776 patientia
1627 1694 1660 1746 et

422 1856 424 1861 .
460 1773 631 1867 dolirina,
657 1801 721 1848 non
735 1771 921 1864 contentiose
937 1775 995 1845 vel
1006 1772 1134 1870 superbe
1150 1783 1185 1846 in
1200 1777 1308 1875 aliquo
1331 1777 1507 1874 refislentes,
1534 1800 1554 1847 a
1570 1798 1659 1848 mett·

462 1882 507 1944 tis
515 1874 593 1969 suae
608 1876 745 1949 tenebris
782 1872 958 1946 dubietatis
970 1871 1137 1971 scrupulos
1159 1881 1322 1949 remoueri.
1374 1879 1468 1949 Nam
1484 1876 1540 1972 etfi
1552 1901 1573 1948 ι»
1584 1899 1659 1950 nv·

462 1998 542 2047 Lus
569 2002 609 2047 ex
624 1976 720 2050 uerbo
734 1979 886 2065 Detnini,
913 1997 1060 2049 meo
1086 1982 1279 2075 caeterisque
1293 1975 1448 2073 Aposolis
1471 1972 1659 2066 uniuersali·

461 2094 511 2144 ter
530 2074 572 2163 sc
598 2075 756 2148 dicentis:
791 2074 960 2170 Qrorurt't
999 2071 1201 2148 remiseritis
1225 2082 1388 2171 peccata,
1424 2073 1660 2149 remittuntur

461 2168 531 2244 eis:
559 2184 594 2244 et
610 2196 769 2270 quorum
788 2167 1003 2246 retinueritis
1018 2184 1155 2244 retenta
1176 2169 1278 2257 sunt;
1305 2195 1374 2241 cum
1400 2194 1555 2247 verno
1571 2169 1659 2263 fuit,
1716 2266 1722 2273 Ἰ
1834 2239 1847 2266 χ

460 2270 664 2367 ministerium
680 2270 850 2366 dignitatis
873 2293 1041 2343 excretum
1060 2267 1135 2360 fuit
1150 2277 1246 2340 etiam
1264 2294 1304 2339 ex
1319 2270 1426 2341 verbis
1443 2271 1582 2345 eiusdem
1600 2296 1658 2342 au.

462 2374 623 2447 Horitatis
640 2376 827 2469 regulariter
861 2391 1018 2443 eertto
1051 2368 1239 2464 proposttis:
1273 2365 1545 2471 Qtodcumque
1571 2369 1657 2470 liga.

461 2473 554 2550 veris
569 2471 676 2574 super
692 2487 840 2558 terram,
866 2465 931 2544 erit
944 2463 1099 2566 ligatum
1116 2482 1152 2541 et
1168 2465 1208 2540 in
1224 2469 1349 2555 caelin
1375 2477 1410 2540 in
1428 2464 1576 2546 eterno
1600 2495 1659 2542 au.

460 2575 622 2652 tioritoeis
637 2574 768 2673 officium
786 2566 1018 2666 recognoscent:
1043 2588 1075 2638 et
1088 2565 1159 2641 ideo
1174 2566 1220 2641 ad
1233 2593 1302 2641 eutn
1318 2590 1470 2669 tanquan
1477 2579 1661 2669 primatem,

460 2701 492 2749 ct
515 2680 669 2773 euangelii
693 2676 843 2749 dominici
859 2670 987 2765 fantem
1012 2677 1106 2741 venit
1130 2668 1364 2768 lerosolymam,
1414 2691 1446 2742 et
1466 2669 1659 2770 postmodum

459 2821 527 2874 curn
544 2790 606 2889 ipso
621 2805 653 2858 et
668 2783 743 2854 aliis
754 2771 926 2870 secundum
944 2771 1168 2842 reuelotionem
1183 2771 1321 2841 contulit
1335 2775 1549 2864 euangelium,
1576 2779 1659 2843 nein

459 2917 594 2972 vacuum
610 2900 750 2959 curreret
766 2878 824 2948 uel
842 2880 938 2944 etiam
965 2866 1151 2963 cucurriset.
1196 2870 1294 2963 Quae
1317 2893 1457 2943 ternu
1483 2870 1660 2943 aulioritas
1759 2953 1763 2962 ¹

458 3025 498 3072 ex
515 2987 654 3064 eiusdem
697 2980 829 3048 Domini
854 2971 963 3038 verbis
980 2967 1142 3059 expressus
1158 2969 1343 3052 roboratur,
1367 2971 1507 3064 cutnstbi
1521 2970 1588 3061 soli
1606 2969 1660 3066 ss.

460 3105 545 3173 citur
561 3087 599 3159 ab
619 3077 745 3153 eadem:
772 3067 852 3144 Duc
875 3060 916 3137 in
939 3061 1075 3147 eltum3
1102 3080 1134 3129 et
1153 3059 1255 3155 posita
1266 3057 1501 3161 subinfertur:
1527 3070 1659 3146 Laxate

461 3190 548 3276 teti,
567 3184 608 3260 in
630 3186 825 3273 capturam.
877 3166 915 3234 Si
938 3185 1007 3256 ergo
1041 3183 1220 3235 eerttvs
1247 3180 1305 3257 per
1330 3163 1540 3236 excellentiam
1554 3165 1658 3262 fidei,

460 3315 541 3397 quae
557 3296 592 3357 in
610 3302 675 3351 vno
702 3294 794 3346 ctttt
805 3286 906 3337 1810
928 3260 1011 3334 duas
1024 3280 1158 3332 naturas
1174 3258 1335 3332 diuinitus
1349 3264 1570 3357 recognoscens,
1588 3289 1658 3340 cum

461 3397 569 3471 dixit:
596 3381 661 3454 Tu
678 3394 715 3449 es
741 3385 972 3442 cnatsrvs
996 3356 1090 3433 filius
1107 3356 1174 3433 Dei
1198 3354 1296 3446 viui3
1322 3362 1426 3429 claues
1448 3371 1535 3457 regni
1560 3367 1658 3436 caele·
1740 3373 1743 3377 ⁴

484 3506 512 3569 is
528 3499 563 3564 t'n
579 3486 675 3556 terris
684 3472 773 3568 soltus
786 3472 923 3561 accepit,
948 3484 1018 3532 cum
1034 3458 1190 3553 unumst
1204 3476 1298 3555 caput
1313 3459 1450 3555 ecclesiae
1469 3465 1658 3544 militantin·

458 3595 551 3696 reflat
567 3607 608 3660 ut
625 3577 670 3654 ad
685 3578 819 3669 regimen
839 3564 998 3662 generalir
1020 3559 1175 3656 eccltstat,
1201 3582 1297 3659 quam
1325 3558 1386 3658 ipse
1406 3585 1478 3636 cum
1503 3584 1657 3645 ωηο

356 3753 359 3758 .
460 3723 492 3773 ec
507 3696 617 3769 cereris
635 3680 674 3754 de
683 3672 831 3773 gentibus
847 3670 1062 3763 congregouit‚
1085 3680 1178 3759 caput
1194 3658 1352 3752 eiusdem,
1365 3659 1465 3756 seeum
1488 3689 1526 3737 ue
1544 3670 1658 3743 Domi.

460 3785 521 3875 nur
532 3814 590 3892 per
604 3811 660 3875 ea,
684 3799 764 3879 quae
781 3765 943 3870 praemisa
958 3763 1059 3860 stunt,
1087 3760 1249 3861 manifeste
1272 3759 1438 3857 ostenderit
1450 3690 1657 3866 suasorem,

462 3889 656 3975 Praeuidens
671 3897 776 3953 autem
794 3876 971 3957 Dominus,
990 3862 1076 3963 quod
1099 3861 1286 3958 ecclefiasua
1313 3866 1582 3941 conculcaretura
1609 3890 1653 3968 ey·

461 4002 592 4076 munis,
618 3989 794 4057 laniaretur
809 3970 847 4043 ab
864 3971 1050 4055 haereticis,
1074 3984 1107 4034 et
1123 3990 1143 4034 a
1151 3962 1364 4057 schismaticis
1369 3964 1579 4061 scinderetur,
1588 3979 1637 4040 ait
1644 3998 1657 4039 .·

461 4104 543 4200 Ego
557 4108 623 4190 pro
644 4068 985 4160 enormium,
1013 4075 1055 4143 vt
1074 4085 1153 4140 non
1179 4058 1322 4141 deficiat
1348 4061 1439 4144 fides
1469 4079 1531 4143 tur
1554 4082 1656 4246 Ἥ
