4859 5200
1030 627 1397 730 alienon·

1058 830 1123 924 N.
1163 831 1367 927 LXIIII·

541 995 544 999 ’
605 1012 1124 1095 Εκουοκζωκᾋιυο
1159 979 1788 1125 Tcn.XV.ann.r32,an.97.p.397.

682 1141 955 1232 ‘Magnificoviro
976 1162 1255 1214 recurouonrs
1275 1145 1462 1233 Imperatori
1476 1144 1691 1219 Tartarorum
1704 1151 1816 1220 Coras·
2055 1136 2058 1143 ’

771 1228 843 1308 sau,
861 1230 898 1299 T
901 1232 1063 1316 urquestan
1079 1253 1115 1297 aa
1137 1232 1296 1312 ludolian,
1317 1234 1451 1320 gratiam
1469 1233 1502 1302 in
1530 1234 1699 1322 praesenti,
1732 1257 1813 1326 quae

774 1317 926 1406 perducat
939 1319 978 1383 ad
994 1317 1131 1404 gloriam
1145 1317 1180 1385 in
1193 1315 1329 1393 futuro„

606 1428 824 1603 pastoralis
838 1451 930 1550 officii
947 1452 1090 1552 cornmiffi
1109 1453 1200 1526 nobis
1220 1458 1384 1525 aDomino
1405 1453 1547 1527 debitum
1560 1442 1678 1551 exigit,
1702 1475 1744 1527 vt
1760 1477 1813 1526 stt·
1839 1530 1844 1539 ,

696 1554 866 1625 callentium
883 1575 971 1624 tuam
988 1553 1033 1626 ad
1046 1578 1107 1641 ea,
1132 1580 1213 1651 quae
1227 1553 1430 1645 tuaesalutis
1447 1554 1612 1650 proser
1633 1554 1816 1651 respiciunt,

537 1667 540 1671 ’
609 1653 730 1750 tibique
746 1654 860 1724 titulos
877 1652 1009 1724 laudum
1032 1651 1233 1746 adscribunt,
1252 1651 1389 1746 solicitis
1415 1653 1601 1726 inducamus
1618 1655 1755 1752 studiis,
1780 1673 1814 1724 et
1939 1646 1945 1660 '

607 1749 781 1849 offitiuofis
797 1752 1070 1824 exhortationibus
1088 1762 1271 1824 excitemus.
1322 1756 1413 1824 Licet
1430 1761 1529 1847 igitur
1542 1755 1675 1826 uerbum
1700 1759 1815 1840 crucis,

606 1877 644 1922 ac
666 1852 863 1945 uniuersalis·
890 1850 1113 1948 redemptionis
1136 1856 1291 1924 humanae
1305 1851 1514 1945 salutiferum
1537 1851 1815 1950 venerandumque

600 1959 801 2048 praeconium
812 1970 871 2047 per
885 1951 1077 2048 apostolicam
1092 1952 1199 2024 tubam
1218 1960 1252 2023 in
1260 1951 1400 2045 sclusam
1417 1953 1636 2046 uniuersitatis
1663 1959 1815 2040 existerit,

609 2072 641 2121 et
676 2049 721 2122 ad
747 2053 912 2144 uniuersas
935 2051 1019 2124 orbis
1034 2051 1122 2143 fines
1169 2050 1332 2123 doiirinae
1353 2061 1534 2147 peruenerit
1558 2050 1739 2141 fhlucarisc
1766 2068 1815 2118 ta·

609 2174 681 2219 men
707 2148 871 2242 personam
902 2171 992 2219 tuam
1020 2175 1054 2219 ao
1060 2150 1233 2244 specialius
1265 2151 1452 2241 lucrifacere
1484 2150 1619 2225 Domina
1651 2155 1813 2242 cespititio,

610 2257 787 2343 mentisque
803 2267 878 2316 tuae
893 2250 996 2317 oculos
1011 2255 1184 2338 cognitione
1198 2271 1295 2317 verae
1311 2270 1342 2317 et
1359 2248 1536 2318 Catholicae
1551 2243 1634 2340 fidei
1650 2245 1812 2342 siusium,

610 2371 672 2444 quo
683 2364 813 2443 propter
826 2343 972 2438 beneficia
986 2365 1018 2415 et
1033 2347 1137 2415 multa
1143 2343 1323 2441 salamina,
1345 2369 1426 2443 quae
1443 2354 1478 2415 iu
1493 2353 1590 2414 terris
1603 2344 1741 2418 dominio
1756 2365 1815 2416 tuo
1906 2398 1911 2416 .

602 2444 755 2542 subieh'ls's
771 2445 897 2516 exhibes
922 2443 1127 2540 Christianis,
1153 2465 1195 2515 tc.
1208 2453 1306 2538 magis
1327 2452 1496 2540 praecipuo
1519 2470 1539 2513 a
1565 2443 1685 2516 eibione
1707 2442 1812 2540 prosa·

612 2555 752 2647 quimus,
763 2566 896 2643 tuosque
913 2544 1095 2641 spirituales
1107 2565 1283 2643 prouentus
1300 2543 1501 2616 ardenciusa
1528 2543 1689 2620 sciamus,-
1710 2563 1815 2642 quoue

613 2658 708 2718 esiam
719 2650 792 2743 spes
802 2668 887 2717 certa
903 2646 993 2717 nobis
1008 2644 1214 2742 impenditur,
1238 2644 1325 2742 quod
1339 2643 1384 2716 ad
1390 2642 1491 2738 fidens
1507 2644 1709 2735 catholicam,
1723 2642 1814 2736 suti·

611 2750 769 2836 eumilo,
795 2754 830 2817 in
847 2753 938 2818 auius
951 2770 1048 2816 manu
1077 2744 1171 2817 corda
1190 2743 1270 2835 sunt
1295 2746 1456 2816 homiuum
1482 2751 1640 2833 omnium,
1678 2743 1815 2837 facilius

610 2853 815 2920 connectaris.
866 2848 949 2916 Non
965 2853 1048 2916 enirn
1061 2843 1227 2939 procedit,
1251 2844 1313 2935 nis
1326 2869 1366 2913 ex
1386 2841 1515 2937 superni
1541 2843 1674 2913 luminis
1692 2849 1814 2937 gratia,

611 2949 781 3044 quaesterit
797 2946 971 3030 credimus,
990 2945 1094 3013 oculos
1108 2964 1184 3014 tuae
1199 2950 1315 3013 mentis
1330 2950 1456 3037 aperuit
1472 2939 1518 3013 ad
1532 2941 1738 3014 exurendum
1761 2965 1815 3013 et·

607 3070 650 3139 ga
663 3063 790 3116 renatos
798 3040 896 3131 sonte
904 3041 1102 3131 baptismatis
1113 3046 1276 3130 pietatus,
1298 3037 1385 3129 qued
1399 3056 1436 3103 tu
1445 3035 1578 3105 dilehies
1586 3038 1677 3129 filios
1682 3039 1815 3130 fratres

615 3141 871 3217 Praedicatorum
896 3158 927 3206 et
954 3137 1121 3205 Minoruru
1160 3128 1331 3220 ordinum,
1349 3130 1467 3225 fideles
1507 3143 1663 3226 operarios
1706 3159 1815 3210 sm
1951 3177 1954 3186 .

617 3262 812 3319 curtim
836 3294 846 3325 ,
870 3233 1065 3331 inpartibus
1082 3239 1217 3304 orientis
1239 3232 1498 3324 euangeliaanter
1522 3231 1697 3324 inferum
1715 3232 1815 3331 spiri.
1909 3269 1918 3276 -
1946 3305 1951 3313 ἱ

617 3362 672 3412 tus
687 3336 819 3411 verbum
835 3338 918 3422 Dei,
944 3332 1073 3425 benigne
1080 3327 1232 3424 suscipis,
1255 3328 1368 3401 deuote
1384 3326 1585 3423 pectinibus,
1628 3352 1661 3401 et
1685 3332 1816 3425 assisium

619 3447 666 3511 cis
679 3440 794 3510 bibaris
807 3432 1033 3529 hospitalitatis
1047 3429 1211 3525 impendis.
1262 3428 1439 3521 colligimus
1461 3432 1557 3498 etiam
1582 3452 1622 3500 ess
1644 3430 1719 3501 aliis
1741 3448 1816 3500 tut·

618 3519 691 3614 runt
706 3534 914 3610 laudabilium
930 3552 1054 3630 operum
1063 3529 1198 3627 floribus
1216 3550 1292 3602 tuae
1312 3527 1492 3600 deuotionis
1512 3526 1661 3623 iufignin3
1683 3536 1739 3628 qui
1753 3551 1816 3601 nrt·

616 3663 675 3741 per
690 3639 771 3712 duas
782 3635 911 3728 fratres
928 3631 1067 3707 airardum
1082 3628 1205 3703 ordinis
1222 3628 1496 3717 Praedicatarrtnt,
1521 3629 1731 3703 venerabilem
1737 3629 1817 3724 fra·

622 3764 703 3814 trent
720 3736 857 3834 nostum
873 3761 899 3809 τ
909 3757 1079 3809 nonnos
1105 3756 1188 3804 nunc
1205 3730 1372 3829 episcopum
1392 3727 1629 3822 Senissatcnsens
1653 3754 1722 3803 sum
1748 3755 1817 3805 voe

615 3840 700 3935 sosio
717 3836 855 3912 eiusdem
871 3836 994 3908 ordinis
1004 3831 1157 3929 speciales
1179 3841 1311 3904 nuncios
1332 3853 1405 3903 tuos
1424 3830 1470 3903 ad
1490 3828 1693 3927 Apostolicom
1708 3830 1817 3925 sedent

623 3941 736 4017 murts
751 3959 784 4010 et
794 3938 960 4010 humiliter
976 3931 1132 4029 destinasi
1139 3989 1150 4020 ‚
1166 3951 1277 4026 petens
1287 3954 1319 4003 et
1334 3939 1459 4028 cupiens
1475 3931 1535 4001 tibi
1546 3951 1604 4027 per
1617 3934 1730 4007 literas
1743 3948 1815 4025 spe·
1913 4003 1917 4010 ,

616 4041 742 4139 solitas
756 4036 917 4126 benedici,
941 4042 1088 4118 ucetiam
1107 4030 1149 4105 ds
1160 4028 1231 4127 fide
1254 4034 1406 4105 catholica
1426 4029 1630 4126 infirmari..
1655 4026 1820 4146 Laudabi-

1203 4131 1253 4227 (c)
1278 4150 1298 4223 c
1771 4127 1820 4266 'f'
