4859 5200
945 513 1245 615 ‹talou›

494 634 619 729 {accos
637 638 883 749 expleuerint:
924 646 1032 724 Hanc
1047 643 1252 741 ¹viiioriam
1278 643 1419 746 magica
1444 662 1520 724 arte
1546 640 1699 727 Tartari

340 796 353 809 ‹·
494 746 559 831 libi
574 744 744 827 feruntur
766 743 1002 847 comparalie.
1028 746 1086 842 (d)
1120 749 1230 843 litat,
1253 746 1309 824 vti
1331 744 1550 848 perhibent,
1568 748 1608 825 in
1632 770 1696 823 ex·

352 904 356 915 ·
494 842 618 929 tremo
634 845 791 927 illorum
810 849 982 963 agmine,
998 843 1178 926 vexillum
1196 846 1339 927 litterae
1357 850 1392 924 X
1416 844 1530 947 figura
1546 843 1697 1026 ἰηῆέηἰ·

492 962 595 1043 tuni,
615 950 724 1027 cuins
737 946 862 1055 cuipas
875 968 1007 1027 tetram
1036 949 1255 1047 nigramque
1278 946 1408 1049 capitia
1432 948 1590 1027 humani
1640 969 1699 1026 ar·

493 1049 571 1131 bati
595 1050 799 1148 imaginem
823 1069 911 1224 frao
926 1048 960 1126 le
985 1045 1138 1127 ferebat.
1194 1046 1235 1125 ld
1253 1043 1460 1225 afifinifero
1477 1046 1701 1134 concussum.
1734 1080 1736 1084 ·

490 1147 644 1232 fumum
662 1171 705 1226 ac
724 1146 821 1226 nebu
837 1171 904 1232 am,
916 1144 1159 1228 denfiffimam
1176 1145 1308 1227 exhala
1334 1169 1381 1232 at.
1431 1149 1479 1226 lit
1493 1147 1595 1228 hanc·
1617 1170 1699 1233 noo

495 1247 618 1329 modo
635 1248 801 1328 hostium
817 1245 986 1351 adspeiiu
1003 1248 1232 1329 Christianos
1251 1248 1447 1328 militantes
1464 1246 1619 1353 priuaffe
1636 1270 1702 1328 te·

497 1372 584 1430 rum
602 1352 712 1429 etiam
731 1346 852 1429 odore
875 1350 1072 1430 teterrimo
1097 1373 1165 1429 eos
1187 1348 1349 1429 enecasse
1370 1347 1532 1429 tradunt.
1577 1348 1701 1449 Magi·

496 1453 551 1532 cis
566 1448 705 1531 artibus
722 1448 800 1530 hoc
817 1450 966 1530 Tartari
982 1448 1137 1531 effectae
1153 1449 1351 1547 dicuntur,
1376 1449 1512 1549 quibus
1537 1448 1639 1529 iuxta
1655 1471 1700 1531 ae
1836 1470 1839 1475 ’
1891 1496 1897 1503 -

495 1552 629 1632 ceteris
652 1552 931 1655 diuimtionum
956 1549 1157 1652 genetibus
1177 1549 1223 1628 ad
1243 1549 1366 1629 nolita
1390 1573 1430 1631 vs
1513 1570 1701 1652 tempora

493 1674 661 1733 rtnntur.
701 1652 816 1731 Enim
833 1673 925 1731 vero
940 1653 1112 1754 quamuis
1126 1649 1314 1730 eiusmodi
1335 1649 1434 1749 nebu
1450 1677 1492 1730 ae
1516 1652 1701 1733 Tattaios

494 1747 693 1833 instoriam
710 1747 872 1832 debuiffe
890 1775 972 1832 non
995 1753 1093 1833 imus
1108 1751 1273 1849 inficias,
1298 1748 1400 1833 illam
1418 1774 1541 1833 tamen
1566 1773 1699 1855 mago·

495 1879 584 1934 rum
598 1876 637 1934 et
661 1854 921 1935 veneficorum
943 1851 1082 1934 artibus
1106 1851 1176 1935 elie
1199 1854 1397 1932 excitatam
1418 1877 1462 1933 vt
1490 1852 1701 1949 credamus,

495 1978 613 2035 nemo
631 1978 716 2036 ante
734 1979 755 2034 a
772 1953 883 2035 nobis
897 1954 1130 2057 impetrabit,
1148 1977 1262 2057 quam
1278 1949 1429 2033 inuiiiis
1455 1953 1620 2035 effecerit
1643 1973 1703 2030 at·

500 2057 711 2232 {umentim
734 2056 785 2132 ita
801 2054 971 2135 serenum
984 2075 1023 2133 et
1037 2076 1288 2155 temperatum
1301 2076 1351 2132 eo
1368 2075 1542 2157 tempore
1555 2049 1703 2135 caelum

520 2149 630 2247 uilio,
649 2176 689 2228 vt
706 2150 903 2233 ordinariis
921 2172 1070 2230 naturae
1084 2151 1229 2251 legibus
1250 2152 1442 2234 craffiores
1468 2154 1560 2234 notia
1584 2174 1705 2256 vapo-

502 2273 564 2330 res
583 2246 800 2328 condensati
817 2247 917 2325 haud
935 2249 1138 2348 potuerint.
1179 2252 1331 2325 Tartari
1356 2250 1425 2328 hae
1448 2272 1633 2353 reportata
1649 2253 1705 2330 vi·

502 2347 623 2428 (ionia
643 2349 688 2425 ad
707 2347 872 2426 Aullriae
889 2369 928 2424 et
941 2344 1146 2433 Bohemiae
1160 2344 1253 2427 lines
1272 2371 1387 2448 vsque
1402 2353 1530 2427 omnia
1546 2351 1707 2430 deuasta-

499 2470 601 2530 runt.
651 2451 693 2529 ln
710 2441 788 2527 Afia
806 2442 931 2549 paullo
947 2445 1031 2547 poli
1048 2463 1416 2545 vononrsegnum
1428 2451 1624 2547 Turquiae
1639 2473 1709 2530 oo·
1821 2526 1825 2537 ,
1936 2510 1938 2517 .

499 2547 674 2653 cupam,
695 2547 756 2645 (e)
781 2542 970 2625 debellatis
1002 2545 1481 2658 annochCXllllelll.
1499 2551 1642 2633 Turcia
1657 2548 1705 2632 ad
1784 2567 1799 2654 j
1857 2621 1860 2628 .

499 2649 630 2736 locum
645 2646 845 2754 quemdam
863 2646 1077 2731 Consedrok
1095 2643 1254 2730 diiium.

1037 2799 1074 2919 a.
1100 2801 1156 2891 v.

409 3035 411 3039 ,
603 2944 685 3024 Hae
699 2943 950 3023 Tartarornm
965 2938 1005 3018 in
1021 2939 1172 3042 Europa
1188 2939 1319 3023 caedes
1333 2957 1441 3045 atque
1462 2942 1707 3047 rapinae‘ln'·
1720 2951 1866 3048 Legam-
1900 2955 1908 2966 '

502 3039 835 3126 Nocnn‘rrvm'
849 3045 910 3121 lV.
938 3039 1153 3127 Pontificem
1176 3065 1224 3122 eo
1241 3042 1495 3144 adduxerunt,
1522 3068 1561 3128 vt
1583 3046 1889 3126 sterosmsl’tnti·

502 3147 546 3227 ad
565 3149 746 3227 Tartaron
762 3145 911 3225 mittere
936 3163 1106 3221 oratorea
1128 3140 1334 3226 decreuerit
1378 3147 1443 3245 qui
1467 3126 1787 3249 euangeliumstas
1812 3136 1848 3201 in

502 3249 557 3325 eis
575 3245 848 3344 praedicarem,
871 3263 909 3318 et
924 3241 969 3318 ad
985 3242 1177 3318 veritatem
1202 3265 1240 3320 et
1258 3269 1297 3319 m
1353 3248 1560 3324 orationem
1579 3245 1705 3325 barba·
1724 3218 1881 3304 ΜΨ*

502 3365 584 3425 ram
601 3366 637 3421 et
658 3336 838 3418 incultam
855 3355 1008 3438 gentem
1024 3336 1260 3414 adducerent.
1309 3341 1493 3416 studione
1508 3341 1587 3420 hoc
1609 3322 1793 3421 lene-‘'⁸'‘
1953 3361 1958 3368 ·

504 3445 575 3540 rit,
600 3438 846 3523 Christianam
864 3432 1087 3536 religionem
1105 3435 1332 3537 propagandi
1379 3460 1425 3515 an
1442 3459 1534 3519 veto
1548 3437 1594 3518 ad
1609 3435 1713 3520 fero·

503 3570 587 3628 cem
604 3539 791 3646 populum
807 3560 954 3621 tantum
970 3533 1207 3617 domandum
1224 3534 1339 3644 diffici
1354 3564 1375 3618 e
1393 3533 1498 3619 diilu
1514 3540 1576 3623 eli.
1602 3546 1716 3641 igno·

503 3669 584 3729 rate
601 3667 682 3730 non
696 3663 863 3749 poterat,
884 3636 1057 3721 barbaros
1069 3661 1108 3721 et
1122 3638 1346 3826 iltttgomitot
1354 3638 1521 3746 populos
1536 3641 1582 3727 ad
1599 3642 1716 3829 {liberm

454 3959 458 3967 ·
549 3940 599 4026 (d)
621 3954 707 4007 anat.
727 3957 903 4010 azovrva
922 3936 978 4006 loc.
993 3940 1048 4006 cit.

551 4053 614 4139 (a)
634 4067 801 4127 aniano
821 4050 1018 4126 naariam
1036 4052 1117 4144 cip.
1131 4047 1243 4132 xvia.
1255 4073 1288 4146 p.
1303 4074 1353 4142 3⁴·
