4859 5200
958 604 1266 714 Ἣῐόὅῐῦ

493 731 720 905 Dominum
736 760 842 829 Deum
857 753 994 853 nostrum
1011 742 1122 832 anime
1133 758 1236 856 nostra
1254 758 1451 856 magnificat,
1479 760 1707 839 scinderetis

605 857 755 928 laudibus
770 878 951 928 reuerenter
966 853 1120 950 exaltat,
1154 858 1243 957 quod
1255 857 1343 954 ipse,
1373 869 1431 958 qui
1454 860 1608 935 neminem
1625 869 1704 953 vult
1736 916 1739 928 .,

485 966 613 1051 perire,
640 981 701 1028 uos
716 974 775 1052 per
791 958 984 1026 venerabilis
997 961 1123 1029 Fratris
1134 957 1232 1054 nostri
1249 981 1524 1034 ntzuouuttt
1550 962 1698 1060 Episcopi

490 1055 655 1151 Capisenfis
671 1076 704 1124 et
724 1053 911 1126 dileidorum
923 1054 1065 1148 filiorum
1090 1054 1348 1130 Praedicatorum
1375 1076 1407 1128 et
1429 1061 1597 1134 Missurum
1617 1065 1698 1134 Fra·

487 1174 576 1226 trum
601 1152 786 1245 ordinum,
820 1154 991 1250 ministerio
1012 1154 1176 1250 salutari,
1210 1155 1251 1227 de
1275 1165 1387 1227 monis
1403 1154 1536 1230 educens
1549 1158 1697 1251 tenebrir,
1758 1212 1761 1219 ⁴

487 1278 524 1323 oc
545 1260 636 1324 vitae
652 1261 775 1324 ueteris
790 1262 938 1324 coecitate
954 1262 991 1324 in
1006 1254 1194 1327 admirabile
1220 1256 1326 1326 iumen
1337 1253 1433 1346 suum
1451 1312 1462 1342 ,
1496 1254 1542 1328 od
1556 1260 1694 1351 agnitio·

485 1377 557 1423 nem
565 1353 623 1444 sui
632 1350 835 1452 gloriofifflmi
848 1361 987 1425 nominis
1000 1362 1171 1430 reuocauit.
1215 1353 1386 1446 Profei'io,
1408 1353 1473 1444 filii
1490 1410 1501 1442 ‚
1529 1350 1615 1426 inter
1623 1353 1692 1449 sol·

426 1497 430 1502 -
484 1451 669 1540 licicudines
686 1454 764 1523 alies
786 1450 896 1549 noflris
913 1457 1053 1523 humens
1068 1452 1310 1543 incumbentes,
1346 1456 1403 1525 hoc
1413 1461 1537 1551 perpeti
1549 1476 1626 1524 cura
1641 1478 1694 1526 re·

484 1552 666 1641 noluimus,
694 1550 740 1623 ad
756 1553 812 1622 hoc
828 1549 996 1623 ardentius
1009 1550 1112 1646 nostra
1121 1551 1265 1646 suspirat
1282 1558 1442 1641 intentio,
1469 1573 1502 1623 et
1519 1553 1575 1623 hoc
1590 1558 1627 1624 in
1636 1550 1691 1644 ss·

483 1648 570 1720 lidae
588 1659 735 1720 caritatis
748 1649 863 1722 ardore
879 1649 994 1721 crebris
1013 1652 1210 1722 orationibus
1217 1649 1411 1746 postulamus
1428 1678 1449 1721 a
1474 1651 1626 1748 Domino,
1648 1670 1692 1724 ut
1749 1669 1752 1674 “
1772 1650 1786 1731 f

483 1747 546 1845 ipse
558 1751 641 1844 lapis
656 1752 837 1843 angularis,
865 1757 923 1848 qui
932 1748 1017 1841 fecit
1035 1770 1175 1848 veraque
1191 1773 1318 1839 vnum,
1350 1749 1446 1842 secam
1452 1747 1600 1842 sanciam
1627 1751 1686 1824 64·

482 1849 652 1943 cholicam,
674 1868 707 1918 et
724 1847 934 1941 uniuersalem
948 1848 1116 1942 Ecclesiam
1131 1857 1166 1922 in
1181 1857 1310 1920 unitate
1318 1847 1402 1942 fidei
1420 1848 1621 1921 orthodoxae
1636 1868 1689 1937 to·

481 1966 514 2019 to
533 1947 605 2019 orbe
620 1969 778 2019 terrarum
793 1946 964 2043 dignanter
977 1945 1110 2025 odunn.
1161 1946 1315 2046 Ideoque,
1330 1946 1418 2041 filii,
1448 1949 1685 2041 uniuersitatem
1794 2002 1806 2020 .

480 2045 614 2139 vefisam
626 2055 771 2142 paternit
787 2072 932 2140 rogamus
948 2068 980 2117 et
994 2050 1158 2120 hortamur
1176 2045 1362 2145 affifiibus,
1389 2066 1422 2116 ct
1438 2066 1497 2140 per
1514 2049 1578 2117 Dei
1594 2046 1684 2134 mise·

481 2144 651 2213 ricosdiam
668 2144 878 2236 obsecramus,
904 2165 1061 2240 quatenus
1073 2145 1263 2236 diligentius
1280 2142 1499 2231 attendentes,
1532 2143 1619 2240 quod
1631 2136 1682 2214 co·

480 2266 589 2312 ronam
601 2243 722 2334 gloriae
737 2240 970 2335 perseuerantia
988 2250 1181 2335 repromittit
1199 2297 1211 2335 ,
1245 2250 1281 2312 in
1302 2239 1483 2311 huiusmodi
1487 2239 1682 2338 synctritatt
1718 2270 1725 2284 ·

472 2338 572 2436 fidei,
597 2358 655 2436 per
671 2363 767 2437 quam
781 2345 964 2412 mercamini
978 2336 1162 2430 consortium
1171 2341 1382 2433 Angelorum,
1408 2344 1444 2423 in
1460 2341 1681 2413 amictura

478 2438 599 2512 dicitus
606 2437 745 2536 flebiliti
752 2494 764 2527 ,
779 2439 872 2532 ,idam
878 2436 1002 2533 semper
1017 2435 1142 2510 dmotis
1156 2446 1272 2510 animis
1296 2436 1455 2530 obseruare
1470 2447 1604 2529 curetis,
1637 2457 1678 2510 vt

474 2540 537 2637 ipsc
545 2547 684 2635 cognitor
690 2538 882 2631 secretorum
890 2544 1083 2635 omnipotens
1098 2560 1176 2612 uota
1186 2536 1288 2635 uestra
1298 2544 1488 2636 percipiens,
1510 2537 1679 2628 suisbenc-

475 2643 641 2735 neplaoitis
661 2638 873 2729 conformare,
903 2647 938 2709 in
965 2637 1056 2709 uobis
1074 2646 1200 2733 gratioe
1213 2639 1292 2733 suae
1307 2637 1393 2711 dona
1408 2639 1615 2735 multiplicet,
1642 2658 1678 2710 et
1699 2637 1723 2694 ·'

470 2739 538 2838 post
553 2748 643 2811 vitoe
653 2737 828 2835 praesentis
843 2738 1003 2831 excursum
1013 2739 1116 2831 Regni
1119 2738 1178 2835 sus
1185 2738 1297 2833 faciat
1313 2737 1505 2820 cohaeredes.
1552 2740 1677 2812 Daton

475 2843 640 2918 Auenisne
656 2838 705 2914 X.
722 2838 800 2914 Kal.
817 2841 894 2917 Dec.
914 2860 997 2912 onno
1014 2838 1071 2912 Vt.

910 3088 1024 3203 n.
1064 3107 1187 3205 m.
1296 3077 1324 3193 .’

470 3285 787 3360 ΜΥΝΑιυνε
818 3266 915 3348 T.X
918 3268 958 3347 V.
974 3291 1058 3349 onn.
1077 3291 1164 3369 15²¹·
1181 3288 1267 3369 ns.
1278 3282 1314 3367 p.
1332 3291 1396 3347 211.
1444 3284 1674 3355 wonom-

524 3393 618 3458 ονε
651 3371 694 3452 Τ.
719 3368 779 3447 VI.
796 3370 927 3470 mon

569 3498 681 3574 Nobili
695 3498 764 3565 viro
785 3489 919 3565 noenu
938 3511 1116 3581 ereccon
1135 3489 1214 3581 Regi
1226 3490 1376 3580 gratim
1394 3493 1673 3586 quacperduaacat
1754 3448 1756 3452 v

637 3585 809 3674 gtoriamin
823 3581 941 3655 ficturo.

469 3712 624 3888 Larga
637 3736 703 3807 Dei
711 3736 820 3827 petris
835 3748 868 3801 ct
886 3723 1003 3824 copioso
1018 3725 1202 3817 clementio,
1230 3730 1289 3825 qui
1296 3730 1452 3801 neminem
1467 3724 1544 3800 vult
1551 3734 1670 3825 perire,
1742 3800 1748 3810 ,

516 3897 518 3902 .
571 3863 613 3909 esc
629 3859 663 3908 eo
680 3838 732 3905 tui
745 3828 847 3904 cordis
862 3835 978 3900 intimo
1007 3824 1134 3922 trtigiffe
1148 3824 1301 3916 videtur,
1335 3824 1508 3925 quodfidri
1519 3828 1671 3927 Christi*

469 3938 701 4025 necatores,
735 3936 826 4023 infra
841 3924 1045 4014 latitudinem
1061 3927 1207 4022 degentes
1223 3920 1668 4023 imperiiTorterorummul·

470 4039 746 4114 summiseris
762 4029 868 4130 (ficut
882 4021 1073 4130 diieiitfilii
1087 4036 1290 4130 socom
1297 4046 1346 4131 5
1368 4049 1550 4108 mm
1579 4023 1669 4199 mg
1719 4120 1722 4124 ι
1805 4064 1809 4070 -
