4859 5200
914 605 1233 712 sociem·

475 738 669 830 conditoris,
694 738 794 838 ipsum
810 724 868 839 qui
885 744 974 839 quast
984 767 1048 813 non
1064 739 1180 812 videns
1204 743 1366 838 hucusque
1389 750 1507 832 tacuit,
1531 752 1589 840 qui
1610 764 1681 815 tor-

476 841 646 915 rellionem
659 841 829 939 populisni
846 845 940 912 uelut
953 855 1079 938 potiens
1095 837 1294 936 expellauit,
1312 842 1449 911 vleorem
1468 849 1682 939 iniquitatum

473 941 618 1037 gladium
633 952 730 1035 coegit
747 967 906 1028 exercere,
933 962 964 1011 et
983 942 1021 1010 ab
1038 942 1136 1012 oculis
1148 939 1413 1037 patientioesuoe
1432 943 1680 1035 abominationes
1716 1026 1719 1031 Ι

478 1040 642 1113 emendare
651 1040 868 1136 flagitiorum,
895 1030 1035 1136 expetito
1047 1048 1145 1134 graui
1159 1040 1199 1110 de
1203 1040 1419 1134 peccatoribus
1434 1043 1569 1113 vitione.
1598 1045 1689 1113 Pro·¹
1788 1078 1791 1082 *

470 1160 547 1239 pter
568 1139 655 1237 quod
669 1163 796 1226 omnes,
821 1164 954 1235 quornm
968 1142 1062 1210 corda
1079 1151 1175 1210 timor
1192 1143 1325 1210 Domini
1341 1146 1467 1233 tetigit,
1492 1159 1614 1234 opertos
1631 1148 1680 1210 ci·

476 1243 581 1327 liciis,
606 1258 639 1308 et
656 1236 788 1333 osperfios
806 1247 908 1309 cinere
925 1248 959 1308 in
974 1240 1110 1336 suspirio
1139 1261 1170 1308 et
1194 1241 1339 1336 lacrymis
1362 1238 1507 1308 diuinam
1532 1247 1679 1308 conuenit

475 1335 720 1428 misericordiam
735 1339 919 1432 implorare,
935 1358 977 1410 vt
993 1349 1049 1436 qui
1058 1338 1180 1433 semper
1197 1338 1243 1408 od
1257 1336 1471 1431 ignoscendum
1485 1339 1607 1408 multus
1623 1335 1697 1407 en?

476 1446 567 1525 titio,
586 1444 643 1532 qui
656 1436 852 1532 praestabilis
858 1437 955 1532 super
969 1441 1093 1510 molitio
1109 1445 1193 1508 omni
1209 1433 1264 1531 use
1278 1458 1414 1534 tempore
1429 1437 1605 1530 consueuit,
1624 1461 1683 1506 ex·

478 1557 613 1632 emptum
634 1536 777 1628 gladium
800 1536 844 1606 ad
861 1548 1011 1630 vaginam
1025 1538 1131 1607 iubeat
1156 1535 1299 1629 regredi,
1325 1559 1358 1606 ee
1383 1544 1464 1606 iram
1487 1545 1523 1607 in
1543 1557 1681 1629 gentes,

475 1661 557 1737 quae
573 1637 658 1705 illum
675 1661 737 1705 non
755 1658 931 1723 nonerunt,
957 1634 1140 1731 effundens,
1166 1635 1315 1728 dignetur
1330 1637 1444 1732 populo
1468 1638 1543 1707 Filii
1548 1635 1606 1729 sui
1628 1643 1680 1706 in·

466 1739 583 1834 'ignito
600 1735 778 1805 choraliere
803 1733 950 1827 misereri.
987 1740 1162 1830 'Speramns
1178 1756 1284 1805 autem
1300 1735 1387 1832 quod
1404 1736 1459 1829 etfi
1474 1739 1563 1807 Deus
1579 1734 1680 1831 noster

472 1862 532 1912 uos
547 1834 630 1906 dura
646 1841 855 1930 increpatione
874 1833 1059 1927 redarguere
1077 1843 1231 1932 coeperit,
1256 1859 1350 1929 regna
1365 1856 1592 1932 tamem-quae
1609 1835 1680 1931 ipfi·

475 1961 515 2007 us
531 1960 642 2005 nomen
663 1943 832 2023 innocent,
858 1963 877 2004 o
886 1933 980 2026 facie
987 1933 1049 2026 sua
1066 1934 1244 2030 disperdere
1260 1959 1324 2004 non
1340 1934 1502 2007 intendit:
1536 1943 1680 2030 quinimo

473 2053 607 2128 aprma
618 2054 769 2128 perpetua
780 2055 955 2129 peccatores
971 2056 1060 2104 curat
1077 2043 1211 2130 eripere,
1239 2033 1353 2133 quibus
1376 2033 1557 2126 temporalis
1571 2029 1683 2126 findet

474 2136 613 2202 ultionis
629 2131 806 2222 beneficium
824 2135 867 2202 ad
884 2133 1110 2224 colligationem
1135 2134 1232 2225 nostri
1254 2138 1379 2223 generis
1403 2129 1569 2200 adhibere:
1601 2137 1679 2226 quia

474 2229 532 2321 etfi
537 2227 629 2320 filios
637 2225 736 2315 lsrael
750 2235 884 2295 tentorio
906 2237 1017 2296 mortis
1032 2238 1066 2296 irs
1085 2228 1382 2322 eremoqnondoqne
1400 2235 1557 2320 tetigerit,
1583 2236 1618 2298 in
1631 2235 1678 2299 eis

474 2350 582 2400 tamen
601 2332 650 2395 ira
669 2327 799 2395 Domini
818 2323 944 2394 diutius
969 2349 1030 2393 non
1042 2326 1226 2419 permanfit.
1282 2325 1397 2395 Verum
1413 2327 1468 2418 erfi
1477 2335 1622 2419 grauiter
1637 2326 1679 2397 de

475 2433 614 2500 emnium
624 2422 775 2520 fidelium
789 2421 966 2520 opprefflone
984 2424 1163 2512 turbemur,
1174 2421 1273 2519 fieper
1288 2422 1455 2521 affliliione
1470 2448 1575 2496 tamen
1590 2436 1679 2521 regni

477 2529 652 2620 Vngoriae,
678 2522 765 2623 qnod
778 2516 958 2593 aTartaris
974 2521 1136 2614 inuelem,
1162 2545 1194 2592 et
1209 2544 1390 2620 occupatum
1402 2547 1462 2622 pro
1478 2550 1589 2621 magno
1599 2546 1677 2624 par·

474 2648 507 2700 te
521 2639 555 2697 in
572 2622 706 2695 lellione
721 2626 887 2696 literarum
903 2645 1031 2695 tuarum
1046 2623 1185 2718 nonfine
1200 2627 1376 2696 multarum
1401 2630 1607 2726 lacrymarum
1625 2611 1677 2718 es·

428 2801 434 2812 ,
465 2721 594 2825 fufion'e
610 2725 803 2812 didicimus,
827 2733 861 2795 'eo
867 2722 1035 2820 specialior
1051 2748 1084 2793 et
1098 2733 1199 2795 maior
1227 2724 1357 2820 tristitia
1381 2754 1433 2800 cor
1456 2725 1592 2821 nostrum
1616 2735 1676 2798 im·

470 2832 594 2929 plenis,
617 2852 678 2924 quo
696 2834 730 2897 in
746 2825 808 2921 ipss
819 2833 961 2922 purioris
979 2850 1051 2918 ergo
1066 2828 1169 2895 Deum
1183 2846 1214 2894 er
1230 2824 1333 2922 Apofl.
1341 2825 1450 2918 sedem
1462 2829 1553 2924 stgoa
1578 2826 1677 2899 deuo·

474 2933 574 3001 tionis
591 2936 789 3013 inueniunt,
808 2952 869 3022 quo
886 2926 989 2996 clarae
997 2937 1162 2995 memoriae
1176 2937 1390 3022 progenitores
1409 2949 1499 3016 tuor,
1525 2948 1558 2998 et
1573 2930 1677 3000 encel-

474 3032 607 3101 lentiam
632 3035 748 3118 regiam
772 3034 809 3093 in
832 3028 1024 3121 exequendis
1046 3024 1197 3115 Ecclefiae
1227 3026 1428 3118 beneplacitis
1453 3026 1506 3121 effe
1529 3017 1683 3099 nouimnr

470 3134 688 3227 promptiores.
732 3124 868 3193 Firmum
888 3119 1088 3216 igiturlspern
1105 3132 1140 3191 in
1165 3124 1215 3191 ilo
1239 3121 1426 3219 ponentes,
1441 3135 1498 3223 qni
1521 3126 1579 3217 etfl
1596 3129 1678 3221 Regi

477 3226 669 3321 Apyriorum
686 3245 769 3293 sau
780 3247 805 3293 Α
816 3244 841 3294 c
851 3246 876 3290 fl
887 3232 990 3293 aare
1005 3220 1138 3290 liberum
1155 3230 1318 3293 interram
1336 3223 1433 3311 lsrael
1445 3225 1605 3319 ingrellnm
1620 3252 1679 3296 ex·

475 3324 599 3405 hebuit,
616 3323 970 3412 superuenerunt
998 3340 1103 3388 tomen
1122 3329 1309 3413 contritione
1334 3344 1503 3390 commotus
1528 3322 1676 3411 odnersa·

475 3429 595 3493 riorum
611 3415 851 3486 multitudinem
868 3417 960 3487 nolle
975 3441 1043 3487 voa
1067 3417 1206 3502 delenit,
1229 3415 1432 3510 serenitatem
1455 3439 1545 3489 troam
1569 3443 1676 3492 mont·

473 3548 545 3595 mus
562 3540 592 3590 et
607 3521 772 3588 hortamur
787 3524 965 3605 attentius,
982 3536 1015 3586 et
1030 3514 1220 3608 obsocramus
1236 3524 1271 3588 in
1289 3520 1423 3588 Domino
1439 3542 1506 3594 urs
1517 3543 1541 3591 v
1568 3541 1677 3594 cunt·
1748 3573 1753 3580 -

393 3615 397 3623 ¹
474 3645 578 3710 tro,
606 3640 764 3719 quotenus
778 3625 812 3688 in
829 3643 863 3689 eo
886 3609 1063 3713 confidens,
1082 3624 1138 3713 qni
1150 3615 1275 3706 seclorum
1292 3615 1381 3709 focit
1399 3621 1549 3717 populum
1569 3619 1676 3692 lumi·

473 3725 554 3806 on,
577 3743 610 3792 et
630 3721 752 3791 oculum
767 3718 917 3789 humiliat
933 3738 1148 3812 arrogantem,
1177 3718 1222 3787 ad
1246 3718 1452 3813 defcnstonem
1473 3727 1561 3815 regni
1577 3740 1675 3817 prot·

473 3823 554 3897 delli
575 3843 609 3894 et
625 3821 795 3893 catholicoe
810 3819 893 3913 fidei
902 3876 910 3907 ,
934 3844 1016 3916 qnae
1029 3817 1068 3887 ab
1079 3817 1191 3887 iisdem
1200 3819 1341 3889 barbaris
1348 3801 1529 3916 specialiter
1543 3819 1674 3916 noscun-

470 3945 529 3996 tur
544 3929 732 4018 expugnari,
747 3940 940 4018 potenteret
963 3919 1123 3998 uiriliter,
1139 3918 1225 4011 fient
1242 3920 1330 3990 decet
1354 3925 1486 4016 regalem
1513 3923 1672 4015 magnitu-

469 4024 598 4116 dinem,
622 4045 654 4094 te
669 4033 831 4121 accingens
845 4028 881 4096 in
896 4019 1019 4095 ilerum
1034 4026 1261 4119 expugnatione
1273 4046 1308 4094 eo
1314 4020 1480 4122 lindiffer
1495 4043 1527 4095 tt
1535 4020 1673 4126 feruen-

1611 4125 1678 4190 rior
