4859 5200
1049 566 1093 630 ⁴⁸
1120 555 1143 666 )
1171 556 1283 677 ιη(
1317 563 1370 639 ’⁰‘

510 771 516 791 ²
606 777 656 823 an
669 751 779 823 Mario
789 748 916 845 semper
940 748 1069 842 Virgine
1087 773 1158 820 cnm
1176 756 1282 820 mima
1296 749 1444 821 rationali
1466 775 1481 824 r
1527 746 1609 819 duat
1629 746 1793 817 habentem

614 857 815 931 natiuitatis,
841 873 939 919 onam
952 848 992 917 de
1010 851 1104 919 Patre
1126 869 1303 935 aeternam,
1328 841 1515 937 alteram'en
1527 869 1625 917 matre
1644 866 1790 941 temporo·

614 950 710 1018 lem:
754 952 858 1020 Deum
875 972 998 1036 verum,
1023 968 1054 1016 et
1078 949 1230 1019 hominem
1264 972 1399 1033 unum,
1417 954 1576 1043 proprium
1596 954 1631 1014 in
1656 969 1793 1040 veraque
1828 988 1833 993 -

527 1066 529 1069 ’
613 1069 727 1119 notnro
753 1070 846 1144 atque
879 1045 1082 1140 perfcflum;
1129 1073 1191 1118 non
1208 1048 1395 1142 adoptiuum
1420 1039 1529 1143 neqne'
1550 1043 1791 1139 phantasticum

611 1146 791 1239 [eduorum
804 1153 975 1216 etvnicum
993 1149 1108 1217 Filium
1141 1151 1203 1218 Dei
1215 1155 1251 1216 in
1265 1145 1387 1218 duabus
1410 1167 1492 1217 etex
1514 1142 1658 1229 naas,
1680 1141 1793 1212 dr'caina

589 1270 596 1280 ’
605 1247 725 1338 scilieet
749 1267 783 1315 et
801 1248 938 1318 humana
960 1253 1109 1331 naturis,
1138 1245 1248 1338 sedin
1273 1254 1371 1318 vninc
1395 1246 1543 1342 personae
1556 1245 1793 1341 singularitate:

614 1344 822 1441 impaffibilem
842 1367 876 1417 ct
892 1347 1099 1416 immortalem
1124 1345 1292 1419 diuinitate
1320 1374 1337 1424 ,·
1375 1345 1438 1439 sed
1458 1354 1494 1416 in
1527 1345 1719 1416 humanitate
1734 1360 1791 1438 pro

614 1446 703 1516 nohis
717 1467 749 1515 ct
759 1443 925 1540 proficlute
936 1444 1035 1539 nostra
1043 1441 1160 1541 paffnm
1179 1471 1259 1517 vera
1284 1452 1387 1517 carnis
1405 1446 1545 1544 pafflonn
1563 1442 1736 1521 'mortuum
1760 1458 1790 1509 et

604 1544 791 1639 sepultum,
815 1568 846 1615 et
867 1541 1043 1639 descendtffe
1065 1543 1111 1615 ad
1134 1553 1315 1630 interos‚at
1340 1553 1435 1617 tertia
1471 1545 1523 1616 die
1559 1535 1749 1636 reficrrextffe
1772 1565 1793 1608 a

613 1652 744 1715 mortuis
755 1669 835 1714 vera
848 1650 951 1715 carnis
968 1642 1211 1733 rejnrreiliom
1235 1644 1288 1714 die
1325 1645 1483 1720 XXXX.
1500 1643 1563 1738 poll
1595 1638 1790 1732 repsurreilio·

548 1831 550 1833 Ι
613 1768 687 1814 roem
703 1768 772 1814 cnm
785 1768 894 1826 earne,
920 1741 1181 1840 quaresurrexit‚
1206 1764 1238 1812 et
1257 1751 1362 1814 anima
1384 1739 1542 1839 ascendtffe
1563 1751 1597 1815 in
1617 1743 1742 1825 caelum,
1761 1759 1792 1808 tt
1852 1795 1855 1801 .
1924 1724 1927 1735 ¹

604 1842 715 1936 sedere
732 1843 780 1913 ad
788 1842 948 1914 dexteram
955 1846 1080 1913 Patris:
1129 1842 1202 1914 inde
1215 1866 1383 1915 venturum
1407 1842 1546 1915 indicare
1564 1850 1655 1915 vinos
1668 1861 1699 1910 et
1710 1862 1792 1908 mor-

614 1964 696 2024 tuos,
711 1963 742 2012 et
756 1941 1155 2038 redditurnm'vnicniqu'e.
1181 1939 1356 2037 secundum
1379 1963 1468 2038 opera
1480 1942 1544 2035 fico
1568 1999 1580 2030 ‚
1631 1943 1692 2020 fine
1714 1939 1791 2007 hono

605 2039 807 2132 fuerintfine
820 2045 916 2120 molo.
950 2041 1130 2113 ¹Credimus
1153 2050 1250 2112 etiam
1270 2045 1422 2138 Spiritum
1438 2041 1587 2134 fionllum
1598 2042 1726 2136 plenum
1757 2057 1788 2109 tt

610 2136 796 2234 persillum,
820 2145 1100 2234 vetumqneDeum
1111 2165 1151 2208 en
1161 2142 1259 2209 Patre
1277 2143 1394 2211 etFilio
1410 2139 1628 2233 procedentem
1643 2159 1792 2233 coaequa·

613 2240 685 2323 lom,
708 2255 738 2304 et
754 2235 983 2332 evellentium,
1010 2249 1301 2332 coomnipotentem,
1321 2259 1496 2325 aeternum,
1531 2239 1737 2324 inaifihilecn,
1760 2254 1790 2303 et

612 2337 903 2409 incommutabilem
953 2334 1117 2406 Credimus
1121 2335 1269 2428 sanetae
1285 2339 1465 2411 catholicam
1481 2359 1512 2408 et
1535 2338 1723 2436 apostolicam
1748 2358 1789 2404 v·

612 2462 688 2508 nam
698 2461 806 2508 veram
821 2435 1042 2535 efficatiam,
1067 2444 1103 2506 in
1115 2463 1181 2534 qua
1189 2462 1291 2507 vnum
1313 2439 1408 2510 datur
1420 2440 1570 2536 baptisma
1591 2461 1621 2509 ct
1646 2460 1726 2507 vora
1750 2457 1789 2531 a·
1811 2509 1814 2515 ,

613 2546 732 2610 mnium
756 2536 880 2635 remiffio
889 2557 1096 2634 peccatorum.
1164 2537 1328 2611 Creditur
1346 2546 1440 2610 ctiam
1462 2565 1571 2612 veram
1593 2533 1789 2631 resurrellr'oe

508 2697 513 2708 .
610 2664 682 2710 nem
695 2636 831 2710 eiwdcm
861 2644 977 2722 cornio,
1004 2661 1100 2734 quom
1120 2661 1202 2709 nune
1233 2639 1398 2735 gestamur,
1420 2662 1452 2712 et
1486 2649 1589 2713 vitam
1619 2657 1789 2715 atumem·

522 2797 525 2804 ,
613 2736 780 2810 Credimus
796 2746 890 2809 etiam
904 2745 979 2808 noni
988 2758 1020 2808 et
1033 2745 1147 2808 veterio
1162 2736 1333 2824 testamenti
1347 2742 1432 2833 legio,
1452 2768 1488 2812 aa
1507 2742 1734 2837 prophetarum,
1757 2752 1791 2801 et

610 2836 821 2933 Apoflolorum
839 2861 938 2906 votum
964 2833 1015 2930 ‘ff‘
1040 2835 1195 2905 auilorem
1219 2842 1320 2908 Deum
1341 2864 1377 2906 ac
1413 2842 1574 2908 dominam
1603 2843 1793 2927 omnipoten-

612 2957 684 3005 tem.
719 2935 868 3022 ‘Haeeesl
895 2959 973 3000 vern
992 2932 1076 3019 fides
1093 2936 1259 3012 catholica,
1282 2956 1313 3002 ec
1328 2938 1407 3003 hanc
1422 2936 1621 3026 superdit'lis
1649 2930 1790 3005 articulis

577 3056 579 3060 ·
612 3049 695 3102 tenet
716 3048 747 3097 et
761 3024 924 3122 praedicat
937 3020 1129 3110 fhmoficnfla
1142 3025 1289 3092 Romano
1305 3028 1449 3115 Ecclefia.
1484 3096 1488 3103 ,
1525 3031 1644 3099 Sedet
1666 3049 1790 3122 proptor

613 3130 748 3222 diuersos
765 3147 881 3196 errores
896 3148 918 3192 a
930 3118 1117 3217 quibusdam
1130 3144 1169 3188 cn
1200 3127 1396 3215 ignorantia,
1413 3146 1447 3195 ot
1459 3126 1498 3197 ab
1509 3128 1583 3197 aliis
1603 3152 1645 3197 ex
1666 3126 1789 3196 molitio
1898 3189 1901 3193 .

614 3225 819 3313 innodatio,
826 3224 903 3293 dicit
921 3240 951 3289 et
963 3218 1123 3314 praedicat
1136 3240 1196 3306 eos,
1209 3227 1268 3319 qni
1275 3221 1342 3319 popl
1357 3223 1542 3320 baptismum
1554 3236 1591 3297 in
1598 3245 1721 3323 peccato
1737 3224 1808 3293 ln·x

615 3334 807 3409 hantunam
820 3320 1058 3417 rebaptizandos
1088 3346 1102 3395 ;
1142 3319 1205 3412 sed
1223 3343 1286 3419 per
1297 3347 1406 3392 veram
1423 3333 1642 3420 poenitentiam
1657 3325 1787 3414 snorum

607 3426 688 3530 paple
702 3424 841 3521 cortseqai
855 3429 981 3493 veniam
995 3440 1205 3515 peccatorum:
1248 3421 1360 3519 quodfi
1370 3448 1447 3496 vere
1461 3433 1646 3521 poenitenter
1666 3432 1699 3494 in
1715 3423 1788 3491 cha·

611 3516 706 3606 ritate
721 3520 904 3621 decesserint,
929 3544 1094 3618 antequem
1107 3518 1218 3613 dignae
1236 3531 1441 3620 poenitentiae
1455 3525 1612 3619 facilitas
1647 3524 1688 3618 dc
1708 3545 1788 3595 com·

612 3624 917 3733 mffspatisfecerint
939 3644 969 3694 et
993 3620 1117 3718 amillio,
1150 3646 1254 3717 eorum
1270 3632 1392 3696 animas
1403 3636 1509 3724 poenis
1522 3631 1703 3723 „purgatorii
1723 3619 1788 3720 post
1889 3701 1892 3708 ⁴

612 3754 739 3807 mortem
743 3732 883 3824 pnrgari,
895 3744 926 3793 ct
933 3723 979 3794 ad
982 3745 1096 3818 poenas
1104 3724 1281 3795 huiusmodi
1300 3726 1483 3800 releuandos
1498 3725 1686 3827 prodeffecir
1700 3722 1793 3819 fide·

612 3839 689 3907 lium
708 3838 849 3901 virorum
864 3820 1052 3921 suffugia,
1100 3820 1254 3921 miffarum
1270 3825 1388 3922 scilicet
1415 3828 1564 3919 sacrificio
1590 3885 1601 3917 ‚
1623 3835 1786 3909 orationes,

613 3937 828 4026 eleemolynas,
878 3952 909 3995 et
929 3929 994 3994 olio
1020 3931 1148 4019 pietatis
1165 3924 1289 4017 officia,
1314 4009 1316 4014 λ
1338 3953 1447 4024 quota
1470 3929 1612 4016 fidelihus
1639 3954 1694 4029 pro
1713 3930 1786 4003 aliis

606 4035 754 4132 fidelihus
776 4027 846 4117 fiori
864 4028 1051 4119 conpererim
1075 4024 1246 4118 secundom
1284 4027 1585 4127 Ecdcplanojlitnto
1613 4062 1624 4102 .·
1669 4030 1787 4101 illorum

1204 4129 1304 4222 (γη
1742 4137 1790 4202 in·
