4859 5200
1227 446 1250 487 ‚N

935 591 1237 692 ursata·

478 723 622 821 ‘schalas
645 720 744 818 noflar
771 721 1034 794 Archimandrita
1052 743 1084 792 et
1107 723 1191 798 Rex.
1243 722 1393 819 Princeps
1417 744 1524 797 autom
1536 735 1704 827 coquorum

492 826 566 896 Rex
583 823 624 920 est
641 844 674 893 et
696 822 815 895 Albas.
864 824 913 895 Et
933 822 1049 895 idcirco
1067 820 1209 892 altitudo
1231 820 1333 919 nostra
1356 847 1419 893 neu
1436 823 1476 918 ost
1491 826 1574 923 pasta
1590 816 1702 900 uocari

491 923 609 996 eisdem
626 922 826 1010 nominibus,
854 944 912 993 ant
938 923 1009 1019 ipſse
1027 922 1193 992 ordinibus
1215 925 1376 1016 insigniri,
1411 926 1525 1020 quobus
1540 926 1704 1020 curiasua

487 1026 584 1122 plena
599 1021 651 1117 effe
668 1020 832 1092 videatur.
869 1023 917 1092 Et
933 1024 1002 1093 ideo
1019 1031 1133 1092 maiori
1149 1033 1275 1094 nomine
1292 1044 1325 1091 et
1351 1021 1499 1114 inferiori
1509 1024 1614 1118 gradu
1626 1048 1704 1122 pro·

489 1145 568 1221 pter·
583 1123 797 1193 humilitatem
812 1128 910 1214 magis
928 1125 1017 1216 eligit
1031 1132 1217 1218 nuncupari.
1269 1121 1470 1195 Extenditur
1490 1144 1577 1194 terra
1601 1127 1705 1223 nostra

491 1233 527 1292 in
543 1243 668 1317 partem
688 1244 786 1288 vnam
800 1216 872 1306 fere
888 1221 933 1289 ad
946 1243 1084 1318 quatuor
1097 1221 1213 1314 mensas
1231 1230 1266 1292 in
1284 1223 1548 1318 amplitudintm';
1568 1231 1604 1293 in
1621 1227 1704 1296 alte·

494 1348 532 1390 ra
550 1346 626 1390 vero
638 1340 733 1417 parte
750 1343 838 1388 nemo
857 1321 957 1415 potest
964 1319 1067 1412 scire,
1086 1327 1226 1419 qualiter
1234 1324 1451 1418 protendatur
1463 1321 1704 1394 dominiumno·
1809 1304 1831 1369 s

482 1420 596 1518 strum.
643 1422 680 1490 Si
691 1439 783 1514 potes
811 1418 1013 1491 dinumerare
1021 1421 1127 1516 stellas
1147 1424 1246 1512 caeli,
1262 1444 1294 1492 ee
1319 1446 1448 1493 arenam
1465 1430 1585 1502 marim
1606 1422 1704 1497 dimi·
1742 1496 1756 1508 ,,
1859 1456 1861 1463 ·

490 1546 580 1595 mera
596 1527 691 1592 etiam
707 1519 881 1590 dominium
896 1520 1032 1618 noslnom
1055 1542 1087 1592 et
1096 1520 1281 1618 potestatem
1307 1521 1454 1619 nostram.

491 1816 548 1892 Ex
572 1833 709 1894 caes.
743 1682 1249 2013 ”mmfflsfflg‘lssd‘sfl
1261 1788 1477 1894 Tomlelss
1492 1828 1703 1914 ann.1177.

968 1974 975 1992 .
1055 1971 1112 1990 ..
1166 1941 1243 2017 4..
1763 1954 1766 1959 ·

540 2068 786 2116 retexentes
808 2047 971 2135 episcopus
991 2049 1094 2115 seruus
1111 2050 1279 2115 sensorum
1290 2047 1351 2113 Dei
1373 2041 1553 2113 chariffimo
1570 2044 1704 2113 increm-

662 2153 725 2196 sto
745 2132 810 2198 filio
831 2136 934 2197 illustri
958 2151 987 2198 et
1006 2133 1181 2217 magnifico
1205 2135 1357 2198 indorum
1371 2132 1448 2214 Regi
1469 2151 1479 2209 ς
1500 2129 1706 2201 sacerdotum

665 2214 874 2289 faoiiiissimo,
886 2216 1011 2280 salutem
1026 2233 1056 2281 et
1077 2218 1288 2297 Apostolicam
1303 2212 1570 2283 benedidiionem.

498 2306 724 2476 spostolica
750 2322 865 2412 Sedes,
890 2333 940 2394 cui
963 2326 1037 2395 licet
1064 2332 1216 2395 immeriti
1236 2323 1464 2418 praefidemus,
1502 2333 1642 2397 omnium
1668 2336 1705 2400 in

608 2447 763 2501 cuaosro
781 2423 973 2494 credentium
992 2443 1083 2519 caput
1104 2423 1185 2519 eslet
1203 2423 1703 2521 magistra‚Dominoattessante‚

495 2539 552 2628 qui
568 2538 616 2600 ait
635 2530 675 2599 B.
697 2548 837 2615 PETRO,
857 2532 907 2594 cui
930 2527 1004 2595 licet
1030 2523 1155 2618 indigni
1172 2522 1385 2619 succefflmns:
1404 2516 1466 2594 'Tu
1491 2550 1524 2593 es
1540 2549 1704 2619 vuantos,

495 2654 525 2701 ar
536 2629 632 2725 super
650 2631 730 2698 hanc
742 2647 867 2721 petram
890 2619 1073 2717 aedificabo
1085 2625 1249 2715 Eccltfiam
1267 2648 1376 2697 meam.
1437 2628 1530 2696 Hanc
1542 2625 1704 2724 fiquidem

491 2752 616 2829 petram
636 2748 812 2802 cumsrvs
829 2724 997 2821 effivoluit
1015 2733 1049 2794 in
1060 2727 1153 2796 Eccle
1164 2722 1486 2816 raefundamentum‚
1505 2751 1601 2824 quam
1612 2746 1708 2825 prae·

473 2884 476 2890 -
493 2852 583 2903 conat
598 2831 694 2901 uulis
708 2848 875 2898 ventorum
891 2826 1091 2911 sarooaous,
1118 2826 1275 2924 nudisque
1300 2823 1531 2922 tempestatibus
1556 2836 1707 2926 quatien-

491 2931 577 3004 dam.
629 2932 677 3003 Er
692 2926 761 2998 ideo
779 2953 840 2996 non
857 2935 1012 2997 immerito
1022 2929 1060 2997 B.
1079 2950 1237 3014 aarum,
1247 2923 1344 3021 super
1359 2951 1451 3022 quem
1468 2926 1632 3019 fundauit
1640 2929 1706 3002 Ec·

494 3033 631 3124 cleſsam,
658 3026 780 3120 ligandi
795 3046 891 3121 atqua
899 3024 1045 3116 soluendi
1067 3024 1244 3118 specialiter
1268 3046 1300 3092 et
1315 3034 1481 3120 praecipue
1503 3035 1590 3098 inter
1618 3029 1706 3128 Apo·

481 3131 585 3229 ¹fialas
603 3131 684 3199 alios
700 3131 817 3195 meruit
835 3131 969 3220 accipere
991 3120 1182 3218 potestatem.
1228 3120 1425 3196 Curtilium
1443 3124 1518 3221 esta
1546 3127 1704 3200 Domino:

499 3227 576 3300 Tibi
593 3227 672 3296 dabo
691 3226 794 3294 claues
810 3232 897 3314 regni
915 3223 1088 3309 caelorum,
1108 3244 1139 3292 ot
1151 3242 1262 3317 portae
1280 3222 1381 3314 inferi
1396 3248 1460 3295 non
1474 3227 1706 3319 praeualebunt

497 3323 648 3415 aduersus
666 3344 752 3407 eam,
780 3340 813 3387 et
837 3319 1051 3417 quodcumque
1083 3323 1234 3410 liganeris
1248 3319 1510 3414 superterram,
1536 3332 1599 3391 erit
1622 3325 1703 3416 liga·

499 3446 568 3496 tum
587 3445 617 3493 et
635 3420 803 3491 incaelis:
841 3440 873 3489 et
890 3416 1104 3517 quodcumque
1116 3414 1249 3506 [alueris
1260 3417 1357 3514 super
1377 3439 1514 3506 terram,
1533 3426 1596 3490 erit
1613 3419 1704 3514 solu·

500 3547 569 3597 tum
586 3545 618 3595 et
638 3532 672 3595 in
695 3522 800 3592 caelis.
851 3518 1089 3592 Audiueramus
1115 3525 1229 3613 vtique
1253 3527 1316 3589 iam
1338 3516 1461 3616 pridem
1496 3515 1708 3610 referentibus

499 3629 633 3717 multis,
659 3646 690 3696 et
709 3632 743 3693 in
755 3620 850 3713 fama
877 3627 1053 3705 communi,
1080 3617 1231 3717 quomodo
1261 3644 1329 3690 curn
1346 3619 1393 3714 fis
1414 3618 1625 3719 Christianum
1646 3648 1705 3699 no.

500 3753 570 3800 rnen
582 3720 752 3824 professus,
774 3730 840 3820 piis
856 3720 1097 3818 uelisoperibus
1123 3718 1331 3815 indesinenter
1356 3720 1542 3811 intendere,
1568 3744 1601 3796 et
1622 3731 1706 3801 circa

481 3876 483 3882 ·
502 3856 537 3902 ea
553 3851 643 3899 tuum
661 3833 802 3898 animum
823 3849 935 3918 geras,
959 3846 1039 3920 quae
1056 3824 1122 3893 Deo
1137 3841 1232 3914 greta
1258 3820 1339 3912 suns
1355 3842 1387 3891 et
1411 3844 1543 3921 accepta.
1591 3825 1705 3899 Sedet

499 3928 636 4004 dileflus
643 3926 737 4021 filius
758 3923 898 4023 magifler
914 3944 1102 3998 eusueeevt
1119 3923 1256 3993 medicus
1273 3922 1492 4015 etfamiliaris
1509 3924 1624 4021 noster,
1648 3935 1707 4026 qui

499 4032 540 4107 de
558 4036 732 4102 intentione
742 4035 799 4126 pia
816 4047 847 4101 et
857 4024 1010 4125 proposita
1028 4045 1083 4094 ruo
1101 4047 1170 4217 aurp
1187 4033 1309 4121 magnis
1324 4046 1355 4099 et
1375 4025 1710 4138 honorabilibuspiris

1108 4131 1149 4215 (e
1620 4135 1709 4225 regni
