<?xml version="1.0" encoding="UTF-8"?>
<!DOCTYPE html PUBLIC "-//W3C//DTD XHTML 1.0 Transitional//EN"
    "http://www.w3.org/TR/xhtml1/DTD/xhtml1-transitional.dtd">
<html xmlns="http://www.w3.org/1999/xhtml" xml:lang="en" lang="en">
 <head>
  <title>
</title>
<meta http-equiv="Content-Type" content="text/html;charset=utf-8" />
  <meta name='ocr-system' content='tesseract 3.04.00' />
  <meta name='ocr-capabilities' content='ocr_page ocr_carea ocr_par ocr_line ocrx_word'/>
</head>
<body>
  <div class='ocr_page' id='page_1' title='image "./iolavrentiimosh00moshgoog_0236.png"; bbox 0 0 4859 5200; ppageno 0'>
   <div class='ocr_carea' id='block_1_1' title="bbox 1077 643 1356 748">
    <p class='ocr_par' dir='ltr' id='par_1_1' title="bbox 1077 643 1356 748">
     <span class='ocr_line' id='line_1_1' title="bbox 1077 643 1356 748; baseline -0.032 -1"><span class='ocrx_word' id='word_1_1' title='bbox 1077 643 1356 748; x_wconf 62' lang='lat' dir='ltr'><em>«ttrit-</em></span> 
     </span>
    </p>
   </div>
   <div class='ocr_carea' id='block_1_2' title="bbox 566 766 1926 4075">
    <p class='ocr_par' dir='ltr' id='par_1_2' title="bbox 566 766 1926 4075">
     <span class='ocr_line' id='line_1_2' title="bbox 609 766 1818 871; baseline 0.005 -23"><span class='ocrx_word' id='word_1_2' title='bbox 609 766 765 848; x_wconf 59' lang='lat' dir='ltr'><em>minae</em></span> <span class='ocrx_word' id='word_1_3' title='bbox 780 767 992 871; x_wconf 72' lang='lat' dir='ltr'><em>deslinandet.</em></span> <span class='ocrx_word' id='word_1_4' title='bbox 1045 771 1176 867; x_wconf 75' lang='lat' dir='ltr'><em>Quibus</em></span> <span class='ocrx_word' id='word_1_5' title='bbox 1201 781 1298 844; x_wconf 82' lang='lat' dir='ltr'><em>etiam</em></span> <span class='ocrx_word' id='word_1_6' title='bbox 1309 791 1371 869; x_wconf 85' lang='lat' dir='ltr'><em>pet</em></span> <span class='ocrx_word' id='word_1_7' title='bbox 1396 767 1516 867; x_wconf 72' lang='lat' dir='ltr'><em>naplrat</em></span> <span class='ocrx_word' id='word_1_8' title='bbox 1543 774 1675 867; x_wconf 85' lang='lat' dir='ltr'><em>literae,</em></span> <span class='ocrx_word' id='word_1_9' title='bbox 1700 796 1734 851; x_wconf 91' lang='lat' dir='ltr'><em>et</em></span> <span class='ocrx_word' id='word_1_10' title='bbox 1747 800 1818 854; x_wconf 84' lang='lat' dir='ltr'><em>tra·</em></span> 
     </span>
     <span class='ocr_line' id='line_1_3' title="bbox 609 874 1818 977; baseline -0.002 -32"><span class='ocrx_word' id='word_1_11' title='bbox 609 874 680 945; x_wconf 83' lang='lat' dir='ltr'><em>tela</em></span> <span class='ocrx_word' id='word_1_12' title='bbox 697 882 793 947; x_wconf 82' lang='lat' dir='ltr'><em>uiuae</em></span> <span class='ocrx_word' id='word_1_13' title='bbox 810 887 898 946; x_wconf 81' lang='lat' dir='ltr'><em>vacis</em></span> <span class='ocrx_word' id='word_1_14' title='bbox 914 881 1139 962; x_wconf 80' lang='lat' dir='ltr'><em>iniunximus,</em></span> <span class='ocrx_word' id='word_1_15' title='bbox 1166 898 1206 945; x_wconf 87' lang='lat' dir='ltr'><em>ue</em></span> <span class='ocrx_word' id='word_1_16' title='bbox 1222 893 1392 969; x_wconf 86' lang='lat' dir='ltr'><em>opportuna</em></span> <span class='ocrx_word' id='word_1_17' title='bbox 1409 893 1543 970; x_wconf 85' lang='lat' dir='ltr'><em>tempure</em></span> <span class='ocrx_word' id='word_1_18' title='bbox 1571 884 1664 949; x_wconf 87' lang='lat' dir='ltr'><em>iuxta</em></span> <span class='ocrx_word' id='word_1_19' title='bbox 1677 879 1818 977; x_wconf 77' lang='lat' dir='ltr'><em>pruden-</em></span> 
     </span>
     <span class='ocr_line' id='line_1_4' title="bbox 612 970 1819 1073; baseline 0.008 -29"><span class='ocrx_word' id='word_1_20' title='bbox 612 979 679 1045; x_wconf 86' lang='lat' dir='ltr'><em>tiae</em></span> <span class='ocrx_word' id='word_1_21' title='bbox 694 997 770 1047; x_wconf 88' lang='lat' dir='ltr'><em>tuae</em></span> <span class='ocrx_word' id='word_1_22' title='bbox 798 997 943 1063; x_wconf 86' lang='lat' dir='ltr'><em>matum,</em></span> <span class='ocrx_word' id='word_1_23' title='bbox 970 976 1015 1046; x_wconf 83' lang='lat' dir='ltr'><em>aa</em></span> <span class='ocrx_word' id='word_1_24' title='bbox 1033 972 1219 1070; x_wconf 84' lang='lat' dir='ltr'><em>praefatum</em></span> <span class='ocrx_word' id='word_1_25' title='bbox 1235 976 1331 1043; x_wconf 86' lang='lat' dir='ltr'><em>Caant</em></span> <span class='ocrx_word' id='word_1_26' title='bbox 1349 970 1383 1064; x_wconf 78' lang='lat' dir='ltr'><em>[e</em></span> <span class='ocrx_word' id='word_1_27' title='bbox 1400 972 1609 1069; x_wconf 76' lang='lat' dir='ltr'><em>personaliter</em></span> <span class='ocrx_word' id='word_1_28' title='bbox 1643 979 1819 1073; x_wconf 84' lang='lat' dir='ltr'><em>conferant,</em></span> 
     </span>
     <span class='ocr_line' id='line_1_5' title="bbox 608 1073 1819 1172; baseline -0.003 -27"><span class='ocrx_word' id='word_1_29' title='bbox 608 1093 650 1145; x_wconf 84' lang='lat' dir='ltr'><em>vt</em></span> <span class='ocrx_word' id='word_1_30' title='bbox 666 1095 699 1143; x_wconf 91' lang='lat' dir='ltr'><em>et</em></span> <span class='ocrx_word' id='word_1_31' title='bbox 720 1077 765 1145; x_wconf 85' lang='lat' dir='ltr'><em>ibi</em></span> <span class='ocrx_word' id='word_1_32' title='bbox 783 1083 865 1145; x_wconf 84' lang='lat' dir='ltr'><em>circa</em></span> <span class='ocrx_word' id='word_1_33' title='bbox 880 1076 1014 1161; x_wconf 73' lang='lat' dir='ltr'><em>salutern</em></span> <span class='ocrx_word' id='word_1_34' title='bbox 1033 1083 1212 1145; x_wconf 85' lang='lat' dir='ltr'><em>animarum</em></span> <span class='ocrx_word' id='word_1_35' title='bbox 1224 1093 1394 1167; x_wconf 78' lang='lat' dir='ltr'><em>prae-urent</em></span> <span class='ocrx_word' id='word_1_36' title='bbox 1420 1084 1514 1144; x_wconf 82' lang='lat' dir='ltr'><em>iuxta</em></span> <span class='ocrx_word' id='word_1_37' title='bbox 1531 1073 1642 1145; x_wconf 88' lang='lat' dir='ltr'><em>datam</em></span> <span class='ocrx_word' id='word_1_38' title='bbox 1669 1079 1740 1172; x_wconf 81' lang='lat' dir='ltr'><em>ipſse</em></span> <span class='ocrx_word' id='word_1_39' title='bbox 1765 1080 1819 1152; x_wconf 72' lang='lat' dir='ltr'><em>di.</em></span> 
     </span>
     <span class='ocr_line' id='line_1_6' title="bbox 607 1169 1818 1271; baseline 0.003 -28"><span class='ocrx_word' id='word_1_40' title='bbox 607 1181 737 1243; x_wconf 84' lang='lat' dir='ltr'><em>vinitas</em></span> <span class='ocrx_word' id='word_1_41' title='bbox 749 1183 908 1267; x_wconf 87' lang='lat' dir='ltr'><em>gratiarn,</em></span> <span class='ocrx_word' id='word_1_42' title='bbox 937 1200 972 1244; x_wconf 88' lang='lat' dir='ltr'><em>aa</em></span> <span class='ocrx_word' id='word_1_43' title='bbox 991 1176 1058 1246; x_wconf 88' lang='lat' dir='ltr'><em>Dea</em></span> <span class='ocrx_word' id='word_1_44' title='bbox 1073 1172 1241 1267; x_wconf 63' lang='lat' dir='ltr'><em>miserante</em></span> <span class='ocrx_word' id='word_1_45' title='bbox 1253 1169 1440 1268; x_wconf 85' lang='lat' dir='ltr'><em>perficiant,</em></span> <span class='ocrx_word' id='word_1_46' title='bbox 1469 1174 1557 1271; x_wconf 79' lang='lat' dir='ltr'><em>qued</em></span> <span class='ocrx_word' id='word_1_47' title='bbox 1581 1181 1747 1255; x_wconf 78' lang='lat' dir='ltr'><em>earundem</em></span> <span class='ocrx_word' id='word_1_48' title='bbox 1770 1181 1818 1270; x_wconf 73' lang='lat' dir='ltr'><em>al-</em></span> 
     </span>
     <span class='ocr_line' id='line_1_7' title="bbox 600 1269 1818 1369; baseline 0.008 -28"><span class='ocrx_word' id='word_1_49' title='bbox 600 1269 707 1364; x_wconf 81' lang='lat' dir='ltr'><em>seruit</em></span> <span class='ocrx_word' id='word_1_50' title='bbox 725 1275 837 1344; x_wconf 83' lang='lat' dir='ltr'><em>relatio</em></span> <span class='ocrx_word' id='word_1_51' title='bbox 865 1284 1071 1362; x_wconf 76' lang='lat' dir='ltr'><em>nuntiarum3</em></span> <span class='ocrx_word' id='word_1_52' title='bbox 1096 1294 1129 1343; x_wconf 88' lang='lat' dir='ltr'><em>et</em></span> <span class='ocrx_word' id='word_1_53' title='bbox 1151 1293 1349 1348; x_wconf 68' lang='lat' dir='ltr'><em>canteri</em></span> <span class='ocrx_word' id='word_1_54' title='bbox 1385 1293 1539 1369; x_wconf 80' lang='lat' dir='ltr'><em>operante</em></span> <span class='ocrx_word' id='word_1_55' title='bbox 1557 1275 1742 1368; x_wconf 87' lang='lat' dir='ltr'><em>clementia,</em></span> <span class='ocrx_word' id='word_1_56' title='bbox 1761 1277 1818 1351; x_wconf 83' lang='lat' dir='ltr'><em>ale·</em></span> 
     </span>
     <span class='ocr_line' id='line_1_8' title="bbox 612 1367 1820 1473; baseline 0.006 -30"><span class='ocrx_word' id='word_1_57' title='bbox 612 1368 1180 1473; x_wconf 78' lang='lat' dir='ltr'><em>uatementecupemusetsperatnur.</em></span> <span class='ocrx_word' id='word_1_58' title='bbox 1204 1370 1608 1473; x_wconf 73' lang='lat' dir='ltr'><em>ldtequtmagnifiamta&#39;anr</em></span> <span class='ocrx_word' id='word_1_59' title='bbox 1618 1396 1706 1446; x_wconf 88' lang='lat' dir='ltr'><em>tuarn</em></span> <span class='ocrx_word' id='word_1_60' title='bbox 1715 1367 1820 1450; x_wconf 82' lang='lat' dir='ltr'><em>mane·</em></span> 
     </span>
     <span class='ocr_line' id='line_1_9' title="bbox 609 1474 1819 1571; baseline 0.002 -22"><span class='ocrx_word' id='word_1_61' title='bbox 609 1494 700 1563; x_wconf 78' lang='lat' dir='ltr'><em>aaut,</em></span> <span class='ocrx_word' id='word_1_62' title='bbox 723 1482 784 1568; x_wconf 84' lang='lat'><em>(9)</em></span> <span class='ocrx_word' id='word_1_63' title='bbox 808 1499 972 1570; x_wconf 76' lang='lat' dir='ltr'><em>rogamus,</em></span> <span class='ocrx_word' id='word_1_64' title='bbox 990 1496 1024 1545; x_wconf 91' lang='lat' dir='ltr'><em>et</em></span> <span class='ocrx_word' id='word_1_65' title='bbox 1036 1478 1201 1546; x_wconf 82' lang='lat' dir='ltr'><em>hortamur</em></span> <span class='ocrx_word' id='word_1_66' title='bbox 1215 1491 1360 1567; x_wconf 85' lang='lat' dir='ltr'><em>attente,</em></span> <span class='ocrx_word' id='word_1_67' title='bbox 1402 1493 1559 1571; x_wconf 80' lang='lat' dir='ltr'><em>qnatenut</em></span> <span class='ocrx_word' id='word_1_68' title='bbox 1582 1474 1705 1547; x_wconf 84' lang='lat' dir='ltr'><em>tardem</em></span> <span class='ocrx_word' id='word_1_69' title='bbox 1741 1480 1819 1550; x_wconf 79' lang='lat' dir='ltr'><em>Fra·</em></span> 
     </span>
     <span class='ocr_line' id='line_1_10' title="bbox 611 1572 1823 1673; baseline 0.003 -29"><span class='ocrx_word' id='word_1_70' title='bbox 611 1594 678 1644; x_wconf 85' lang='lat' dir='ltr'><em>tres</em></span> <span class='ocrx_word' id='word_1_71' title='bbox 697 1576 861 1662; x_wconf 79' lang='lat' dir='ltr'><em>Minores,</em></span> <span class='ocrx_word' id='word_1_72' title='bbox 876 1575 936 1669; x_wconf 84' lang='lat' dir='ltr'><em>seu</em></span> <span class='ocrx_word' id='word_1_73' title='bbox 950 1577 1018 1647; x_wconf 84' lang='lat' dir='ltr'><em>illas</em></span> <span class='ocrx_word' id='word_1_74' title='bbox 1033 1599 1074 1647; x_wconf 83' lang='lat' dir='ltr'><em>ex</em></span> <span class='ocrx_word' id='word_1_75' title='bbox 1091 1584 1160 1664; x_wconf 84' lang='lat' dir='ltr'><em>eia,</em></span> <span class='ocrx_word' id='word_1_76' title='bbox 1181 1572 1366 1672; x_wconf 71' lang='lat' dir='ltr'><em>quaeadm</em></span> <span class='ocrx_word' id='word_1_77' title='bbox 1391 1582 1560 1669; x_wconf 88' lang='lat' dir='ltr'><em>peruenire</em></span> <span class='ocrx_word' id='word_1_78' title='bbox 1584 1583 1769 1670; x_wconf 79' lang='lat' dir='ltr'><em>centigerit,</em></span> <span class='ocrx_word' id='word_1_79' title='bbox 1788 1578 1823 1673; x_wconf 81' lang='lat' dir='ltr'><em>fi</em></span> 
     </span>
     <span class='ocr_line' id='line_1_11' title="bbox 607 1668 1820 1775; baseline 0.006 -33"><span class='ocrx_word' id='word_1_80' title='bbox 607 1671 722 1766; x_wconf 88' lang='lat' dir='ltr'><em>forsan</em></span> <span class='ocrx_word' id='word_1_81' title='bbox 741 1699 847 1747; x_wconf 87' lang='lat' dir='ltr'><em>earum</em></span> <span class='ocrx_word' id='word_1_82' title='bbox 864 1678 1002 1775; x_wconf 76' lang='lat' dir='ltr'><em>aliquem</em></span> <span class='ocrx_word' id='word_1_83' title='bbox 1016 1668 1122 1759; x_wconf 83' lang='lat' dir='ltr'><em>mars,</em></span> <span class='ocrx_word' id='word_1_84' title='bbox 1149 1678 1207 1746; x_wconf 83' lang='lat' dir='ltr'><em>uel</em></span> <span class='ocrx_word' id='word_1_85' title='bbox 1220 1671 1308 1766; x_wconf 84' lang='lat' dir='ltr'><em>casus</em></span> <span class='ocrx_word' id='word_1_86' title='bbox 1316 1676 1436 1772; x_wconf 82' lang='lat' dir='ltr'><em>eliquit</em></span> <span class='ocrx_word' id='word_1_87' title='bbox 1450 1672 1694 1769; x_wconf 86' lang='lat' dir='ltr'><em>aprasecutiant</em></span> <span class='ocrx_word' id='word_1_88' title='bbox 1710 1684 1820 1751; x_wconf 80' lang='lat' dir='ltr'><em>iniun-</em></span> 
     </span>
     <span class='ocr_line' id='line_1_12' title="bbox 613 1770 1817 1872; baseline 0.006 -29"><span class='ocrx_word' id='word_1_89' title='bbox 613 1770 659 1843; x_wconf 64' lang='lat' dir='ltr'><em>tta·</em></span> <span class='ocrx_word' id='word_1_90' title='bbox 676 1782 724 1845; x_wconf 83' lang='lat' dir='ltr'><em>eia</em></span> <span class='ocrx_word' id='word_1_91' title='bbox 734 1796 792 1871; x_wconf 89' lang='lat' dir='ltr'><em>per</em></span> <span class='ocrx_word' id='word_1_92' title='bbox 801 1800 859 1848; x_wconf 85' lang='lat' dir='ltr'><em>nas</em></span> <span class='ocrx_word' id='word_1_93' title='bbox 868 1784 998 1848; x_wconf 84' lang='lat' dir='ltr'><em>itineris</em></span> <span class='ocrx_word' id='word_1_94' title='bbox 1015 1772 1200 1872; x_wconf 86' lang='lat' dir='ltr'><em>impediret,</em></span> <span class='ocrx_word' id='word_1_95' title='bbox 1222 1782 1285 1845; x_wconf 84' lang='lat' dir='ltr'><em>inu</em></span> <span class='ocrx_word' id='word_1_96' title='bbox 1297 1782 1408 1871; x_wconf 84' lang='lat' dir='ltr'><em>patius</em></span> <span class='ocrx_word' id='word_1_97' title='bbox 1427 1775 1606 1871; x_wconf 81' lang='lat' dir='ltr'><em>nasinipsts</em></span> <span class='ocrx_word' id='word_1_98' title='bbox 1616 1793 1676 1872; x_wconf 88' lang='lat' dir='ltr'><em>pra</em></span> <span class='ocrx_word' id='word_1_99' title='bbox 1691 1776 1817 1869; x_wconf 73' lang='lat' dir='ltr'><em>amm,</em></span> 
     </span>
     <span class='ocr_line' id='line_1_13' title="bbox 614 1873 1820 1975; baseline 0.004 -29"><span class='ocrx_word' id='word_1_100' title='bbox 614 1894 647 1946; x_wconf 80' lang='lat' dir='ltr'><em>tt</em></span> <span class='ocrx_word' id='word_1_101' title='bbox 661 1873 765 1972; x_wconf 77' lang='lat' dir='ltr'><em>nostra</em></span> <span class='ocrx_word' id='word_1_102' title='bbox 779 1887 957 1965; x_wconf 86' lang='lat' dir='ltr'><em>reuerentia</em></span> <span class='ocrx_word' id='word_1_103' title='bbox 975 1878 1104 1972; x_wconf 70' lang='lat' dir='ltr'><em>benigne</em></span> <span class='ocrx_word' id='word_1_104' title='bbox 1120 1882 1290 1972; x_wconf 82' lang='lat' dir='ltr'><em>recipiens,</em></span> <span class='ocrx_word' id='word_1_105' title='bbox 1333 1896 1367 1945; x_wconf 86' lang='lat' dir='ltr'><em>et</em></span> <span class='ocrx_word' id='word_1_106' title='bbox 1382 1873 1502 1969; x_wconf 81' lang='lat' dir='ltr'><em>hanefle</em></span> <span class='ocrx_word' id='word_1_107' title='bbox 1514 1873 1820 1975; x_wconf 79' lang='lat' dir='ltr'><em>pertralianssupee</em></span> 
     </span>
     <span class='ocr_line' id='line_1_14' title="bbox 615 1973 1822 2075; baseline 0.002 -30"><span class='ocrx_word' id='word_1_108' title='bbox 615 1980 677 2063; x_wconf 83' lang='lat' dir='ltr'><em>iis,</em></span> <span class='ocrx_word' id='word_1_109' title='bbox 714 2001 795 2075; x_wconf 87' lang='lat' dir='ltr'><em>quaa</em></span> <span class='ocrx_word' id='word_1_110' title='bbox 810 1979 871 2049; x_wconf 85' lang='lat' dir='ltr'><em>tibi</em></span> <span class='ocrx_word' id='word_1_111' title='bbox 888 2004 928 2051; x_wconf 89' lang='lat' dir='ltr'><em>ex</em></span> <span class='ocrx_word' id='word_1_112' title='bbox 948 1998 1043 2075; x_wconf 91' lang='lat' dir='ltr'><em>parte</em></span> <span class='ocrx_word' id='word_1_113' title='bbox 1066 1975 1168 2072; x_wconf 72' lang='lat' dir='ltr'><em>nostra</em></span> <span class='ocrx_word' id='word_1_114' title='bbox 1191 1977 1232 2047; x_wconf 90' lang='lat' dir='ltr'><em>de</em></span> <span class='ocrx_word' id='word_1_115' title='bbox 1243 1973 1438 2072; x_wconf 81' lang='lat' dir='ltr'><em>susceptione</em></span> <span class='ocrx_word' id='word_1_116' title='bbox 1454 1976 1621 2071; x_wconf 74' lang='lat' dir='ltr'><em>baptismi,</em></span> <span class='ocrx_word' id='word_1_117' title='bbox 1657 1995 1690 2045; x_wconf 90' lang='lat' dir='ltr'><em>et</em></span> <span class='ocrx_word' id='word_1_118' title='bbox 1704 1974 1822 2071; x_wconf 79' lang='lat' dir='ltr'><em>inflru·</em></span> 
     </span>
     <span class='ocr_line' id='line_1_15' title="bbox 615 2070 1821 2171; baseline -0.004 -29"><span class='ocrx_word' id='word_1_119' title='bbox 615 2070 717 2144; x_wconf 72' lang='lat' dir='ltr'><em>lliane</em></span> <span class='ocrx_word' id='word_1_120' title='bbox 737 2078 930 2167; x_wconf 64' lang='lat' dir='ltr'><em>Christianae</em></span> <span class='ocrx_word' id='word_1_121' title='bbox 945 2078 1041 2163; x_wconf 73' lang='lat' dir='ltr'><em>fidei,</em></span> <span class='ocrx_word' id='word_1_122' title='bbox 1068 2102 1105 2146; x_wconf 89' lang='lat' dir='ltr'><em>aa</em></span> <span class='ocrx_word' id='word_1_123' title='bbox 1121 2076 1213 2171; x_wconf 81' lang='lat' dir='ltr'><em>ipfius</em></span> <span class='ocrx_word' id='word_1_124' title='bbox 1231 2075 1446 2167; x_wconf 80' lang='lat' dir='ltr'><em>obseruantia,</em></span> <span class='ocrx_word' id='word_1_125' title='bbox 1473 2095 1506 2142; x_wconf 89' lang='lat' dir='ltr'><em>et</em></span> <span class='ocrx_word' id='word_1_126' title='bbox 1522 2075 1618 2160; x_wconf 87' lang='lat' dir='ltr'><em>aliis,</em></span> <span class='ocrx_word' id='word_1_127' title='bbox 1643 2073 1821 2170; x_wconf 83' lang='lat' dir='ltr'><em>quaesalu.</em></span> 
     </span>
     <span class='ocr_line' id='line_1_16' title="bbox 618 2168 1820 2266; baseline 0.003 -27"><span class='ocrx_word' id='word_1_128' title='bbox 618 2190 682 2241; x_wconf 87' lang='lat' dir='ltr'><em>tetn</em></span> <span class='ocrx_word' id='word_1_129' title='bbox 699 2171 865 2266; x_wconf 76' lang='lat' dir='ltr'><em>respiciant</em></span> <span class='ocrx_word' id='word_1_130' title='bbox 882 2184 1078 2261; x_wconf 85' lang='lat' dir='ltr'><em>animarum,</em></span> <span class='ocrx_word' id='word_1_131' title='bbox 1104 2173 1292 2260; x_wconf 77' lang='lat' dir='ltr'><em>retulerint,</em></span> <span class='ocrx_word' id='word_1_132' title='bbox 1319 2171 1421 2262; x_wconf 79' lang='lat' dir='ltr'><em>fidem</em></span> <span class='ocrx_word' id='word_1_133' title='bbox 1440 2168 1657 2247; x_wconf 75' lang='lat' dir='ltr'><em>indubitatam</em></span> <span class='ocrx_word' id='word_1_134' title='bbox 1672 2173 1820 2249; x_wconf 68' lang='lat' dir='ltr'><em>adhibere</em></span> 
     </span>
     <span class='ocr_line' id='line_1_17' title="bbox 614 2267 1826 2366; baseline 0.005 -25"><span class='ocrx_word' id='word_1_135' title='bbox 614 2287 790 2366; x_wconf 83' lang='lat' dir='ltr'><em>procurer,</em></span> <span class='ocrx_word' id='word_1_136' title='bbox 816 2294 867 2343; x_wconf 86' lang='lat' dir='ltr'><em>eae</em></span> <span class='ocrx_word' id='word_1_137' title='bbox 884 2294 953 2340; x_wconf 84' lang='lat' dir='ltr'><em>turn</em></span> <span class='ocrx_word' id='word_1_138' title='bbox 961 2270 1073 2362; x_wconf 82' lang='lat' dir='ltr'><em>staura</em></span> <span class='ocrx_word' id='word_1_139' title='bbox 1094 2267 1251 2342; x_wconf 71' lang='lat' dir='ltr'><em>cindalia</em></span> <span class='ocrx_word' id='word_1_140' title='bbox 1265 2268 1311 2339; x_wconf 89' lang='lat' dir='ltr'><em>ad</em></span> <span class='ocrx_word' id='word_1_141' title='bbox 1319 2268 1505 2364; x_wconf 84' lang='lat' dir='ltr'><em>praefatum</em></span> <span class='ocrx_word' id='word_1_142' title='bbox 1532 2272 1649 2362; x_wconf 79' lang='lat' dir='ltr'><em>chan,</em></span> <span class='ocrx_word' id='word_1_143' title='bbox 1679 2298 1748 2345; x_wconf 88' lang='lat' dir='ltr'><em>aum</em></span> <span class='ocrx_word' id='word_1_144' title='bbox 1763 2300 1826 2355; x_wconf 57' lang='lat' dir='ltr'><em>aug</em></span> 
     </span>
     <span class='ocr_line' id='line_1_18' title="bbox 615 2368 1826 2466; baseline 0.007 -25"><span class='ocrx_word' id='word_1_145' title='bbox 615 2368 804 2466; x_wconf 83' lang='lat' dir='ltr'><em>pensarum,</em></span> <span class='ocrx_word' id='word_1_146' title='bbox 840 2391 872 2441; x_wconf 90' lang='lat' dir='ltr'><em>et</em></span> <span class='ocrx_word' id='word_1_147' title='bbox 890 2371 1026 2441; x_wconf 84' lang='lat' dir='ltr'><em>alterurn</em></span> <span class='ocrx_word' id='word_1_148' title='bbox 1041 2368 1273 2464; x_wconf 74' lang='lat' dir='ltr'><em>necepJariarum</em></span> <span class='ocrx_word' id='word_1_149' title='bbox 1283 2368 1483 2464; x_wconf 73' lang='lat' dir='ltr'><em>prauafiane,</em></span> <span class='ocrx_word' id='word_1_150' title='bbox 1520 2391 1648 2442; x_wconf 88' lang='lat' dir='ltr'><em>matura</em></span> <span class='ocrx_word' id='word_1_151' title='bbox 1663 2370 1826 2449; x_wconf 69' lang='lat' dir='ltr'><em>delibatae</em></span> 
     </span>
     <span class='ocr_line' id='line_1_19' title="bbox 618 2470 1822 2571; baseline 0.006 -32"><span class='ocrx_word' id='word_1_152' title='bbox 618 2477 705 2542; x_wconf 87' lang='lat' dir='ltr'><em>tinne</em></span> <span class='ocrx_word' id='word_1_153' title='bbox 722 2479 955 2545; x_wconf 84' lang='lat' dir='ltr'><em>transmittens.</em></span> <span class='ocrx_word' id='word_1_154' title='bbox 1033 2473 1081 2545; x_wconf 84' lang='lat' dir='ltr'><em>Et</em></span> <span class='ocrx_word' id='word_1_155' title='bbox 1100 2470 1306 2540; x_wconf 77' lang='lat' dir='ltr'><em>nibilominus</em></span> <span class='ocrx_word' id='word_1_156' title='bbox 1321 2491 1391 2539; x_wconf 88' lang='lat' dir='ltr'><em>cum</em></span> <span class='ocrx_word' id='word_1_157' title='bbox 1405 2492 1464 2540; x_wconf 84' lang='lat' dir='ltr'><em>nas</em></span> <span class='ocrx_word' id='word_1_158' title='bbox 1470 2487 1603 2566; x_wconf 87' lang='lat' dir='ltr'><em>propter</em></span> <span class='ocrx_word' id='word_1_159' title='bbox 1617 2478 1747 2544; x_wconf 88' lang='lat' dir='ltr'><em>uiarum</em></span> <span class='ocrx_word' id='word_1_160' title='bbox 1762 2492 1822 2571; x_wconf 88' lang='lat' dir='ltr'><em>pe·</em></span> 
     </span>
     <span class='ocr_line' id='line_1_20' title="bbox 619 2572 1926 2672; baseline 0.001 -29"><span class='ocrx_word' id='word_1_161' title='bbox 619 2573 755 2665; x_wconf 89' lang='lat' dir='ltr'><em>ricula,</em></span> <span class='ocrx_word' id='word_1_162' title='bbox 788 2573 1191 2670; x_wconf 76' lang='lat' dir='ltr'><em>largitudinemitintris,</em></span> <span class='ocrx_word' id='word_1_163' title='bbox 1228 2590 1261 2642; x_wconf 89' lang='lat' dir='ltr'><em>et</em></span> <span class='ocrx_word' id='word_1_164' title='bbox 1278 2572 1536 2644; x_wconf 81' lang='lat' dir='ltr'><em>incertitudinem</em></span> <span class='ocrx_word' id='word_1_165' title='bbox 1563 2582 1729 2670; x_wconf 65' lang='lat' dir='ltr'><em>temperis,</em></span> <span class='ocrx_word' id='word_1_166' title='bbox 1762 2592 1835 2672; x_wconf 70' lang='lat' dir='ltr'><em>per</em></span> <span class='ocrx_word' id='word_1_167' title='bbox 1923 2649 1926 2656; x_wconf 67' lang='grc'><em>,</em></span> 
     </span>
     <span class='ocr_line' id='line_1_21' title="bbox 619 2674 1825 2773; baseline 0.002 -28"><span class='ocrx_word' id='word_1_168' title='bbox 619 2674 706 2773; x_wconf 79' lang='lat' dir='ltr'><em>qued</em></span> <span class='ocrx_word' id='word_1_169' title='bbox 720 2675 842 2746; x_wconf 81' lang='lat' dir='ltr'><em>eaedem</em></span> <span class='ocrx_word' id='word_1_170' title='bbox 855 2683 890 2745; x_wconf 91' lang='lat' dir='ltr'><em>in</em></span> <span class='ocrx_word' id='word_1_171' title='bbox 900 2674 1050 2771; x_wconf 84' lang='lat' dir='ltr'><em>partibus</em></span> <span class='ocrx_word' id='word_1_172' title='bbox 1064 2675 1127 2743; x_wconf 87' lang='lat' dir='ltr'><em>idis</em></span> <span class='ocrx_word' id='word_1_173' title='bbox 1140 2691 1282 2768; x_wconf 84' lang='lat' dir='ltr'><em>operteat</em></span> <span class='ocrx_word' id='word_1_174' title='bbox 1299 2680 1463 2743; x_wconf 84' lang='lat' dir='ltr'><em>immorari</em></span> <span class='ocrx_word' id='word_1_175' title='bbox 1470 2729 1481 2761; x_wconf 97' lang='lat'><em>,</em></span> <span class='ocrx_word' id='word_1_176' title='bbox 1504 2681 1743 2770; x_wconf 85' lang='lat' dir='ltr'><em>nequiuerirnue</em></span> <span class='ocrx_word' id='word_1_177' title='bbox 1758 2683 1825 2748; x_wconf 85' lang='lat' dir='ltr'><em>et‘r·</em></span> 
     </span>
     <span class='ocr_line' id='line_1_22' title="bbox 618 2770 1823 2872; baseline -0.001 -25"><span class='ocrx_word' id='word_1_178' title='bbox 618 2772 690 2848; x_wconf 86' lang='lat' dir='ltr'><em>elem</em></span> <span class='ocrx_word' id='word_1_179' title='bbox 708 2772 992 2866; x_wconf 86' lang='lat' dir='ltr'><em>indeterminata,</em></span> <span class='ocrx_word' id='word_1_180' title='bbox 1011 2839 1014 2844; x_wconf 96' lang='lat'>.</span> <span class='ocrx_word' id='word_1_181' title='bbox 1033 2795 1066 2845; x_wconf 87' lang='lat' dir='ltr'><em>et</em></span> <span class='ocrx_word' id='word_1_182' title='bbox 1081 2792 1166 2846; x_wconf 87' lang='lat' dir='ltr'><em>certa</em></span> <span class='ocrx_word' id='word_1_183' title='bbox 1190 2770 1422 2868; x_wconf 68' lang='lat' dir='ltr'><em>neceffatiarum</em></span> <span class='ocrx_word' id='word_1_184' title='bbox 1445 2770 1629 2867; x_wconf 76' lang='lat' dir='ltr'><em>sufficientia</em></span> <span class='ocrx_word' id='word_1_185' title='bbox 1641 2774 1823 2872; x_wconf 85' lang='lat' dir='ltr'><em>prouidere,</em></span> 
     </span>
     <span class='ocr_line' id='line_1_23' title="bbox 618 2875 1825 2975; baseline 0 -28"><span class='ocrx_word' id='word_1_186' title='bbox 618 2877 774 2975; x_wconf 75' lang='lat' dir='ltr'><em>quamdiu</em></span> <span class='ocrx_word' id='word_1_187' title='bbox 791 2875 870 2975; x_wconf 83' lang='lat' dir='ltr'><em>ipfitr</em></span> <span class='ocrx_word' id='word_1_188' title='bbox 884 2878 1080 2972; x_wconf 77' lang='lat' dir='ltr'><em>inpartibus</em></span> <span class='ocrx_word' id='word_1_189' title='bbox 1097 2877 1160 2946; x_wconf 81' lang='lat' dir='ltr'><em>t&#39;dra</em></span> <span class='ocrx_word' id='word_1_190' title='bbox 1182 2898 1299 2946; x_wconf 87' lang='lat' dir='ltr'><em>morare</em></span> <span class='ocrx_word' id='word_1_191' title='bbox 1322 2881 1487 2966; x_wconf 77' lang='lat' dir='ltr'><em>eontigerit</em></span> <span class='ocrx_word' id='word_1_192' title='bbox 1503 2928 1515 2960; x_wconf 98' lang='lat'><em>,</em></span> <span class='ocrx_word' id='word_1_193' title='bbox 1555 2879 1727 2969; x_wconf 82' lang='lat' dir='ltr'><em>prouideas</em></span> <span class='ocrx_word' id='word_1_194' title='bbox 1749 2875 1825 2948; x_wconf 62' lang='lat' dir='ltr'><em>lilii</em></span> 
     </span>
     <span class='ocr_line' id='line_1_24' title="bbox 616 2973 1825 3074; baseline 0.002 -27"><span class='ocrx_word' id='word_1_195' title='bbox 616 2998 745 3074; x_wconf 76' lang='lat' dir='ltr'><em>genter,</em></span> <span class='ocrx_word' id='word_1_196' title='bbox 773 3003 809 3048; x_wconf 88' lang='lat' dir='ltr'><em>ac</em></span> <span class='ocrx_word' id='word_1_197' title='bbox 818 2976 1010 3069; x_wconf 77' lang='lat' dir='ltr'><em>sufficienter</em></span> <span class='ocrx_word' id='word_1_198' title='bbox 1024 2977 1141 3045; x_wconf 77' lang='lat' dir='ltr'><em>eisdem</em></span> <span class='ocrx_word' id='word_1_199' title='bbox 1157 2983 1193 3042; x_wconf 89' lang='lat' dir='ltr'><em>in</em></span> <span class='ocrx_word' id='word_1_200' title='bbox 1210 2973 1333 3059; x_wconf 84' lang='lat' dir='ltr'><em>eundo,</em></span> <span class='ocrx_word' id='word_1_201' title='bbox 1362 2973 1532 3058; x_wconf 85' lang='lat' dir='ltr'><em>morando,</em></span> <span class='ocrx_word' id='word_1_202' title='bbox 1555 2998 1592 3043; x_wconf 87' lang='lat' dir='ltr'><em>aa</em></span> <span class='ocrx_word' id='word_1_203' title='bbox 1608 2974 1766 3048; x_wconf 86' lang='lat' dir='ltr'><em>redeunde</em></span> <span class='ocrx_word' id='word_1_204' title='bbox 1778 2975 1825 3050; x_wconf 78' lang='lat' dir='ltr'><em>ad</em></span> 
     </span>
     <span class='ocr_line' id='line_1_25' title="bbox 620 3071 1823 3171; baseline -0.002 -23"><span class='ocrx_word' id='word_1_205' title='bbox 620 3101 699 3166; x_wconf 88' lang='lat' dir='ltr'><em>nar,</em></span> <span class='ocrx_word' id='word_1_206' title='bbox 721 3074 880 3169; x_wconf 83' lang='lat' dir='ltr'><em>desecare</em></span> <span class='ocrx_word' id='word_1_207' title='bbox 896 3071 1073 3157; x_wconf 69' lang='lat' dir='ltr'><em>canduldu,</em></span> <span class='ocrx_word' id='word_1_208' title='bbox 1101 3092 1134 3140; x_wconf 89' lang='lat' dir='ltr'><em>et</em></span> <span class='ocrx_word' id='word_1_209' title='bbox 1148 3078 1531 3164; x_wconf 64' lang='lat' dir='ltr'><em>necqpariisepptttunis,</em></span> <span class='ocrx_word' id='word_1_210' title='bbox 1555 3094 1599 3140; x_wconf 83' lang='lat' dir='ltr'><em>ua</em></span> <span class='ocrx_word' id='word_1_211' title='bbox 1611 3073 1668 3169; x_wconf 78' lang='lat' dir='ltr'><em>ipſs</em></span> <span class='ocrx_word' id='word_1_212' title='bbox 1681 3076 1823 3171; x_wconf 86' lang='lat' dir='ltr'><em>adprae-</em></span> 
     </span>
     <span class='ocr_line' id='line_1_26' title="bbox 616 3167 1865 3268; baseline -0.002 -21"><span class='ocrx_word' id='word_1_213' title='bbox 616 3175 753 3268; x_wconf 83' lang='lat' dir='ltr'><em>[ente&#39;am</em></span> <span class='ocrx_word' id='word_1_214' title='bbox 771 3173 933 3266; x_wconf 77' lang='lat' dir='ltr'><em>nassratn,</em></span> <span class='ocrx_word' id='word_1_215' title='bbox 967 3191 1000 3242; x_wconf 87' lang='lat' dir='ltr'><em>et</em></span> <span class='ocrx_word' id='word_1_216' title='bbox 1014 3167 1248 3266; x_wconf 81' lang='lat' dir='ltr'><em>praedit&#39;larutn</em></span> <span class='ocrx_word' id='word_1_217' title='bbox 1274 3172 1423 3242; x_wconf 71' lang='lat' dir='ltr'><em>fratrum</em></span> <span class='ocrx_word' id='word_1_218' title='bbox 1439 3170 1609 3264; x_wconf 79' lang='lat' dir='ltr'><em>nostrarum</em></span> <span class='ocrx_word' id='word_1_219' title='bbox 1626 3197 1697 3244; x_wconf 88' lang='lat' dir='ltr'><em>tunt</em></span> <span class='ocrx_word' id='word_1_220' title='bbox 1715 3194 1822 3268; x_wconf 87' lang='lat' dir='ltr'><em>aptate</em></span> <span class='ocrx_word' id='word_1_221' title='bbox 1862 3225 1865 3230; x_wconf 91' lang='lat'>-</span> 
     </span>
     <span class='ocr_line' id='line_1_27' title="bbox 614 3265 1825 3364; baseline -0.002 -21"><span class='ocrx_word' id='word_1_222' title='bbox 614 3269 734 3364; x_wconf 71' lang='lat' dir='ltr'><em>srullu</em></span> <span class='ocrx_word' id='word_1_223' title='bbox 749 3279 835 3340; x_wconf 89' lang='lat' dir='ltr'><em>tanti</em></span> <span class='ocrx_word' id='word_1_224' title='bbox 843 3269 952 3364; x_wconf 90' lang='lat' dir='ltr'><em>papuli</em></span> <span class='ocrx_word' id='word_1_225' title='bbox 962 3266 1107 3364; x_wconf 79' lang='lat' dir='ltr'><em>speratae</em></span> <span class='ocrx_word' id='word_1_226' title='bbox 1119 3265 1254 3357; x_wconf 61' lang='lat' dir='ltr'><em>finiunt,</em></span> <span class='ocrx_word' id='word_1_227' title='bbox 1275 3269 1356 3338; x_wconf 90' lang='lat' dir='ltr'><em>laeti</em></span> <span class='ocrx_word' id='word_1_228' title='bbox 1373 3269 1413 3338; x_wconf 89' lang='lat' dir='ltr'><em>de</em></span> <span class='ocrx_word' id='word_1_229' title='bbox 1423 3267 1493 3357; x_wconf 84' lang='lat' dir='ltr'><em>fuir</em></span> <span class='ocrx_word' id='word_1_230' title='bbox 1510 3267 1668 3361; x_wconf 74' lang='lat' dir='ltr'><em>labarioste</em></span> <span class='ocrx_word' id='word_1_231' title='bbox 1682 3272 1825 3364; x_wconf 85' lang='lat' dir='ltr'><em>aperilur</em></span> 
     </span>
     <span class='ocr_line' id='line_1_28' title="bbox 623 3362 1825 3460; baseline 0.001 -21"><span class='ocrx_word' id='word_1_232' title='bbox 623 3390 695 3441; x_wconf 88' lang='lat' dir='ltr'><em>tute</em></span> <span class='ocrx_word' id='word_1_233' title='bbox 711 3371 844 3440; x_wconf 85' lang='lat' dir='ltr'><em>ualeant</em></span> <span class='ocrx_word' id='word_1_234' title='bbox 857 3389 1007 3440; x_wconf 86' lang='lat' dir='ltr'><em>remeare.</em></span> <span class='ocrx_word' id='word_1_235' title='bbox 1065 3365 1257 3460; x_wconf 73' lang='lat' dir='ltr'><em>Chrr&#39;ssianas</em></span> <span class='ocrx_word' id='word_1_236' title='bbox 1280 3385 1388 3436; x_wconf 89' lang='lat' dir='ltr'><em>autent</em></span> <span class='ocrx_word' id='word_1_237' title='bbox 1405 3362 1593 3459; x_wconf 67' lang='lat' dir='ltr'><em>cataplumtes</em></span> <span class='ocrx_word' id='word_1_238' title='bbox 1608 3365 1653 3437; x_wconf 90' lang='lat' dir='ltr'><em>ad</em></span> <span class='ocrx_word' id='word_1_239' title='bbox 1667 3370 1734 3438; x_wconf 83' lang='lat' dir='ltr'><em>luca</em></span> <span class='ocrx_word' id='word_1_240' title='bbox 1749 3388 1825 3440; x_wconf 87' lang='lat' dir='ltr'><em>tuae</em></span> 
     </span>
     <span class='ocr_line' id='line_1_29' title="bbox 622 3462 1823 3564; baseline -0.006 -21"><span class='ocrx_word' id='word_1_241' title='bbox 622 3467 742 3543; x_wconf 83' lang='lat' dir='ltr'><em>datiani</em></span> <span class='ocrx_word' id='word_1_242' title='bbox 748 3466 913 3564; x_wconf 73' lang='lat' dir='ltr'><em>suliella,</em></span> <span class='ocrx_word' id='word_1_243' title='bbox 948 3469 1008 3539; x_wconf 85' lang='lat' dir='ltr'><em>uel</em></span> <span class='ocrx_word' id='word_1_244' title='bbox 1021 3484 1180 3538; x_wconf 83' lang='lat' dir='ltr'><em>morantes</em></span> <span class='ocrx_word' id='word_1_245' title='bbox 1193 3472 1230 3536; x_wconf 87' lang='lat' dir='ltr'><em>in</em></span> <span class='ocrx_word' id='word_1_246' title='bbox 1244 3474 1291 3536; x_wconf 86' lang='lat' dir='ltr'><em>tie</em></span> <span class='ocrx_word' id='word_1_247' title='bbox 1304 3481 1379 3535; x_wconf 89' lang='lat' dir='ltr'><em>tuae</em></span> <span class='ocrx_word' id='word_1_248' title='bbox 1394 3462 1652 3559; x_wconf 77' lang='lat' dir='ltr'><em>Magnificentiae</em></span> <span class='ocrx_word' id='word_1_249' title='bbox 1668 3491 1823 3549; x_wconf 78' lang='lat' dir='ltr'><em>ettamen·</em></span> 
     </span>
     <span class='ocr_line' id='line_1_30' title="bbox 622 3563 1822 3666; baseline -0.007 -18"><span class='ocrx_word' id='word_1_250' title='bbox 622 3570 757 3661; x_wconf 81' lang='lat' dir='ltr'><em>denus,</em></span> <span class='ocrx_word' id='word_1_251' title='bbox 783 3591 815 3641; x_wconf 92' lang='lat' dir='ltr'><em>et</em></span> <span class='ocrx_word' id='word_1_252' title='bbox 831 3591 872 3640; x_wconf 82' lang='lat' dir='ltr'><em>ut</em></span> <span class='ocrx_word' id='word_1_253' title='bbox 887 3565 966 3665; x_wconf 85' lang='lat' dir='ltr'><em>ipsae</em></span> <span class='ocrx_word' id='word_1_254' title='bbox 978 3565 1211 3661; x_wconf 79' lang='lat' dir='ltr'><em>fauorabiliter</em></span> <span class='ocrx_word' id='word_1_255' title='bbox 1226 3563 1417 3665; x_wconf 81' lang='lat' dir='ltr'><em>prosequens</em></span> <span class='ocrx_word' id='word_1_256' title='bbox 1429 3563 1822 3666; x_wconf 78' lang='lat' dir='ltr'><em>pratellianetuaepaten·</em></span> 
     </span>
     <span class='ocr_line' id='line_1_31' title="bbox 624 3666 1823 3769; baseline -0.001 -24"><span class='ocrx_word' id='word_1_257' title='bbox 624 3682 669 3746; x_wconf 90' lang='lat' dir='ltr'><em>tir</em></span> <span class='ocrx_word' id='word_1_258' title='bbox 685 3673 835 3744; x_wconf 83' lang='lat' dir='ltr'><em>dexterae</em></span> <span class='ocrx_word' id='word_1_259' title='bbox 851 3694 998 3760; x_wconf 84' lang='lat' dir='ltr'><em>mutarat,</em></span> <span class='ocrx_word' id='word_1_260' title='bbox 1020 3689 1053 3740; x_wconf 88' lang='lat' dir='ltr'><em>et</em></span> <span class='ocrx_word' id='word_1_261' title='bbox 1068 3666 1244 3761; x_wconf 87' lang='lat' dir='ltr'><em>defendat,</em></span> <span class='ocrx_word' id='word_1_262' title='bbox 1279 3689 1321 3739; x_wconf 80' lang='lat' dir='ltr'><em>att</em></span> <span class='ocrx_word' id='word_1_263' title='bbox 1331 3686 1390 3765; x_wconf 87' lang='lat' dir='ltr'><em>per</em></span> <span class='ocrx_word' id='word_1_264' title='bbox 1406 3670 1461 3741; x_wconf 85' lang='lat' dir='ltr'><em>bac</em></span> <span class='ocrx_word' id='word_1_265' title='bbox 1477 3686 1509 3737; x_wconf 89' lang='lat' dir='ltr'><em>et</em></span> <span class='ocrx_word' id='word_1_266' title='bbox 1524 3668 1611 3757; x_wconf 91' lang='lat' dir='ltr'><em>alia,</em></span> <span class='ocrx_word' id='word_1_267' title='bbox 1644 3694 1746 3769; x_wconf 89' lang='lat' dir='ltr'><em>quae,</em></span> <span class='ocrx_word' id='word_1_268' title='bbox 1780 3691 1823 3744; x_wconf 84' lang='lat' dir='ltr'><em>vt</em></span> 
     </span>
     <span class='ocr_line' id='line_1_32' title="bbox 566 3768 1827 3872; baseline -0.002 -26"><span class='ocrx_word' id='word_1_269' title='bbox 566 3857 569 3862; x_wconf 27' lang='lat'>¹</span> <span class='ocrx_word' id='word_1_270' title='bbox 617 3772 804 3872; x_wconf 72' lang='lat' dir='ltr'><em>speramur,</em></span> <span class='ocrx_word' id='word_1_271' title='bbox 834 3771 989 3844; x_wconf 82' lang='lat' dir='ltr'><em>exercebis</em></span> <span class='ocrx_word' id='word_1_272' title='bbox 1003 3791 1094 3867; x_wconf 83' lang='lat' dir='ltr'><em>opera</em></span> <span class='ocrx_word' id='word_1_273' title='bbox 1111 3772 1298 3859; x_wconf 84' lang='lat' dir='ltr'><em>eharitatis,</em></span> <span class='ocrx_word' id='word_1_274' title='bbox 1333 3768 1513 3871; x_wconf 74' lang='lat' dir='ltr'><em>angleriam</em></span> <span class='ocrx_word' id='word_1_275' title='bbox 1529 3769 1754 3867; x_wconf 79' lang='lat' dir='ltr'><em>inpraesenti,</em></span> <span class='ocrx_word' id='word_1_276' title='bbox 1789 3793 1827 3852; x_wconf 82' lang='lat' dir='ltr'><em>at.</em></span> 
     </span>
     <span class='ocr_line' id='line_1_33' title="bbox 624 3866 1822 3966; baseline -0.001 -20"><span class='ocrx_word' id='word_1_277' title='bbox 624 3895 770 3946; x_wconf 79' lang='lat' dir='ltr'><em>aeternae</em></span> <span class='ocrx_word' id='word_1_278' title='bbox 785 3872 1005 3946; x_wconf 72' lang='lat' dir='ltr'><em>retributionis·</em></span> <span class='ocrx_word' id='word_1_279' title='bbox 1017 3877 1194 3966; x_wconf 86' lang='lat' dir='ltr'><em>praemium</em></span> <span class='ocrx_word' id='word_1_280' title='bbox 1209 3875 1273 3941; x_wconf 89' lang='lat' dir='ltr'><em>reci</em></span> <span class='ocrx_word' id='word_1_281' title='bbox 1292 3875 1341 3940; x_wconf 86' lang='lat' dir='ltr'><em>ias</em></span> <span class='ocrx_word' id='word_1_282' title='bbox 1359 3877 1395 3940; x_wconf 92' lang='lat' dir='ltr'><em>in</em></span> <span class='ocrx_word' id='word_1_283' title='bbox 1407 3866 1537 3960; x_wconf 79' lang='lat' dir='ltr'><em>fututa.</em></span> <span class='ocrx_word' id='word_1_284' title='bbox 1595 3871 1672 3944; x_wconf 81' lang='lat' dir='ltr'><em>Nae</em></span> <span class='ocrx_word' id='word_1_285' title='bbox 1689 3879 1772 3944; x_wconf 87' lang='lat' dir='ltr'><em>enirn</em></span> <span class='ocrx_word' id='word_1_286' title='bbox 1789 3892 1822 3953; x_wconf 80' lang='lat' dir='ltr'><em>et</em></span> 
     </span>
     <span class='ocr_line' id='line_1_34' title="bbox 623 3888 1821 4075; baseline -0.008 -27"><span class='ocrx_word' id='word_1_287' title='bbox 623 3975 751 4048; x_wconf 80' lang='lat' dir='ltr'><em>Fratres</em></span> <span class='ocrx_word' id='word_1_288' title='bbox 768 3973 863 4075; x_wconf 67' lang='lat' dir='ltr'><em>nadre·</em></span> <span class='ocrx_word' id='word_1_289' title='bbox 879 3972 1025 4050; x_wconf 85' lang='lat' dir='ltr'><em>diuinam</em></span> <span class='ocrx_word' id='word_1_290' title='bbox 1042 3973 1238 4044; x_wconf 85' lang='lat' dir='ltr'><em>clementiam</em></span> <span class='ocrx_word' id='word_1_291' title='bbox 1248 3888 1435 4070; x_wconf 42' lang='lat' dir='ltr'><em>applicita</em></span> <span class='ocrx_word' id='word_1_292' title='bbox 1451 3993 1638 4063; x_wconf 81' lang='lat' dir='ltr'><em>exaramus,</em></span> <span class='ocrx_word' id='word_1_293' title='bbox 1662 3992 1704 4043; x_wconf 84' lang='lat' dir='ltr'><em>vt</em></span> <span class='ocrx_word' id='word_1_294' title='bbox 1711 3970 1759 4070; x_wconf 72' lang='lat' dir='ltr'><em>fic</em></span> <span class='ocrx_word' id='word_1_295' title='bbox 1775 3977 1821 4052; x_wconf 78' lang='lat' dir='ltr'><em>ti·</em></span> 
     </span>
    </p>
   </div>
   <div class='ocr_carea' id='block_1_3' title="bbox 661 4069 1824 4320">
    <p class='ocr_par' dir='ltr' id='par_1_3' title="bbox 661 4069 1824 4320">
     <span class='ocr_line' id='line_1_35' title="bbox 1215 4069 1824 4161; baseline -0.028 0"><span class='ocrx_word' id='word_1_296' title='bbox 1215 4069 1303 4161; x_wconf 68' lang='lat'><em>(¹02</em></span> <span class='ocrx_word' id='word_1_297' title='bbox 1571 4117 1582 4130; x_wconf 77' lang='lat'><em>·</em></span> <span class='ocrx_word' id='word_1_298' title='bbox 1779 4069 1824 4161; x_wconf 77' lang='lat' dir='ltr'><em>tt,</em></span> 
     </span>
     <span class='ocr_line' id='line_1_36' title="bbox 661 4220 1316 4320; baseline -0.04 -5"><span class='ocrx_word' id='word_1_299' title='bbox 661 4220 1316 4320; x_wconf 56' lang='lat' dir='ltr'><em>(emeramentaaaaaama.</em></span> 
     </span>
    </p>
   </div>
   <div class='ocr_carea' id='block_1_4' title="bbox 0 0 2436 5200">
    <p class='ocr_par' dir='ltr' id='par_1_4' title="bbox 0 0 2436 5200">
     <span class='ocr_line' id='line_1_37' title="bbox 0 0 2436 5200; baseline 0 0"><span class='ocrx_word' id='word_1_300' title='bbox 0 0 2436 5200; x_wconf 95' lang='lat' dir='ltr'><em> </em></span> 
     </span>
    </p>
   </div>
  </div>
 </body>
</html>
