4859 5200
543 832 546 837 -
619 780 664 855 de
670 781 840 876 seruitutis
856 785 991 857 nexibus
1009 781 1020 875 ,’
1054 793 1090 860 in
1105 813 1182 887 quos
1200 789 1300 888 ipsum
1323 797 1493 890 impegerat
1518 784 1824 889 maliguofisggeflioj

619 883 785 975 liberaret,
809 888 953 957 clementi
969 885 1152 982 dignatione
1165 889 1352 985 descendens
1362 892 1413 986 (1)
1440 889 1553 988 veliem
1568 891 1685 988 nostrae
1701 914 1820 966 morta·

618 984 726 1056 litatis
741 983 913 1082 effumpfit,
935 1007 977 1057 ut
988 999 1109 1084 proprii
1123 988 1288 1087 aspersione
1304 1000 1424 1063 cruoris
1440 989 1586 1075 incendia
1597 999 1743 1088 perpetui
1750 1002 1823 1065 cros·

619 1092 722 1156 cintus
736 1095 952 1179 extingueret,
965 1114 1016 1168 ,ac
1022 1089 1100 1179 suos
1115 1093 1227 1161 mortis
1242 1112 1390 1164 aeternae
1408 1092 1545 1163 tenebris
1560 1092 1744 1182 obuolutos,
1766 1100 1824 1173 uis

618 1205 671 1256 tae
682 1194 832 1281 perennis
848 1184 977 1280 efficeret
986 1185 1172 1284 politiores,
1196 1199 1255 1289 qui
1270 1190 1436 1286 commistae
1441 1192 1504 1286 fibi
1511 1193 1678 1286 legationis
1694 1194 1821 1263 aPotre

497 1336 502 1347 .
617 1292 652 1356 in
668 1292 790 1379 regione
800 1295 998 1382 peccantium
1016 1298 1082 1384 piis
1098 1288 1219 1385 studiis
1241 1316 1387 1362 exercens
1408 1290 1565 1386 officium,
1608 1287 1823 1388 mundumque

612 1384 809 1475 salutaribus
827 1378 983 1481 institutis
1000 1387 1180 1480 informans
1198 1450 1207 1481 ,
1238 1389 1375 1461 tamdem
1388 1390 1455 1488 post
1461 1389 1595 1484 scsnfioe
1612 1389 1822 1483 conuersatio·

614 1494 668 1559 nis
690 1509 722 1557 et
738 1495 930 1584 operationis
945 1492 1084 1586 exemplo
1102 1548 1121 1582 ,,
1145 1490 1212 1588 post
1229 1493 1423 1586 euangelicoe
1437 1489 1652 1585 instruiiionis
1675 1492 1800 1588 eloquia
1807 1497 1822 1582 ,’

610 1586 676 1684 poli
689 1585 852 1660 defirmat
875 1586 1233 1687 salmarisveffeiium
1273 1590 1364 1663 dirae
1386 1599 1500 1662 mortis
1528 1591 1616 1665 vitro
1631 1588 1819 1687 supplicium

605 1685 736 1779 subiit,
766 1687 881 1786 dieque
896 1697 993 1759 tertia
1011 1689 1182 1782 resurrexit
1208 1717 1228 1762 a
1252 1700 1389 1762 mortuis
1406 1689 1590 1786 gloriosus,
1621 1710 1663 1760 ost
1685 1710 1819 1763 mortem

613 1787 747 1883 nostram
779 1787 939 1859 moriendo
975 1787 1145 1884 destrueret
1172 1782 1206 1883 ‚'
1237 1814 1269 1862 eo
1299 1803 1405 1863 uitam
1436 1789 1621 1885 resurgendo
1653 1789 1816 1885 benignius

611 1908 783 1986 repararet.
852 1890 926 1981 Qui
952 1889 1146 1985 postmodum
1179 1893 1372 1987 transtturus
1397 1891 1438 1965 de
1461 1891 1578 1963 mundo
1601 1888 1646 1962 ad
1667 1892 1817 1985 Patrem,

611 2015 648 2074 oc
673 1988 852 2082 ascensurus
873 1998 909 2060 in
935 1994 1079 2081 caelum,
1130 1994 1233 2067 claues
1261 2003 1348 2088 regni
1372 1995 1524 2065 coelorum
1549 1992 1639 2062 beato
1663 2013 1815 2063 paruo

611 2089 829 2183 Apossolorum
847 2092 1008 2183 Principi‚
1034 2112 1067 2160 et
1084 2112 1142 2186 per
1166 2119 1236 2162 eum
1243 2093 1316 2183 suis
1335 2092 1433 2164 duxit
1440 2086 1660 2183 succefforibus
1675 2096 1814 2158 commit»

611 2187 744 2274 tendas,
763 2213 820 2282 per
839 2190 894 2254 boc
912 2195 955 2254 eis
974 2209 1040 2256 tam
1046 2188 1196 2278 sublimis
1207 2190 1371 2283 potestatis
1381 2189 1605 2260 ouiioritatem
1621 2185 1816 2281 impendens,

610 2307 653 2359 ut
666 2288 884 2385 quodcumque
895 2283 1121 2380 superterram
1137 2291 1269 2380 ligatum
1290 2287 1477 2377 redderent,
1499 2288 1631 2382 ligatum
1648 2286 1815 2360 baberetur

609 2397 645 2462 in
662 2391 776 2476 coelis,
802 2410 835 2458 et
853 2385 1069 2484 quodcumque
1073 2384 1238 2477 soluerint
1250 2385 1347 2482 super
1361 2408 1497 2478 terrm,
1513 2386 1657 2479 solutum
1672 2385 1815 2483 existeret

606 2499 642 2562 in
659 2489 785 2564 eisdem,
834 2486 924 2561 Vnde
940 2512 1013 2578 nos,
1048 2488 1122 2557 licet
1147 2486 1403 2583 inssffcientibus
1425 2495 1570 2585 meritis,
1613 2508 1812 2563 eranum

609 2594 749 2682 Vicani,
770 2613 803 2663 et
819 2587 957 2664 eiusdem
974 2615 1064 2663 m
1078 2610 1125 2661 su
1142 2586 1324 2685 succeffores
1348 2597 1516 2681 interris,
1542 2587 1723 2686 disponente
1743 2590 1813 2662 Do·

608 2705 711 2787 mino,
729 2691 906 2791 constituti,
923 2690 1047 2783 scomma
1081 2688 1232 2784 desiderio
1255 2689 1420 2781 ducimur,
1444 2713 1484 2763 vt
1509 2715 1588 2790 quos
1610 2690 1812 2787 baptismatis

608 2798 698 2871 vscda
716 2795 895 2892 consperfit,
903 2791 1043 2890 suosque
1061 2791 1237 2875 Christiana
1246 2789 1333 2886 fides
1351 2790 1534 2889 profeffores
1549 2800 1696 2886 agnouit,
1722 2791 1812 2872 diui·

606 2926 649 2973 na
659 2898 832 2992 feruentes
845 2895 1090 2988 compleiiantus
1106 2892 1268 2990 obsequio,
1293 2913 1326 2963 et
1342 2891 1543 2986 salutaribus
1559 2890 1682 2964 aiiiius
1700 2899 1811 2963 immo·

607 3022 729 3072 rentur.
775 3000 824 3065 At
841 2998 886 3063 ilii
902 3017 980 3088 quos
999 2995 1162 3062 louasrum
1175 3001 1420 3084 regenerationis
1445 3002 1590 3085 ignorat,
1612 3014 1646 3063 et
1669 2992 1810 3064 eiusdem

606 3102 715 3194 religio
725 3093 807 3188 fidei
822 3118 885 3163 non
901 3089 1039 3160 includit
1049 3143 1061 3183 ‚
1080 3096 1197 3159 erroris
1212 3098 1320 3179 inuio,
1343 3109 1402 3184 per
1423 3090 1509 3187 quod
1529 3092 1728 3186 periculoiius
1744 3094 1811 3162 elo·

606 3201 746 3284 buntur,
766 3201 892 3263 omnino
910 3187 1038 3274 reliiio,
1064 3187 1108 3259 od
1123 3188 1493 3281 reiiitrsdinisfismitam
1506 3190 1644 3281 fauente
1659 3194 1810 3279 Domino,

605 3315 808 3378 reuocentur,
827 3289 983 3384 ipsamque
991 3284 1102 3356 denote
1119 3290 1243 3373 colans,
1261 3310 1292 3357 et
1300 3287 1434 3378 sollicite
1441 3287 1691 3379 seruentfidem.
1722 3293 1810 3358 Haec

605 3397 773 3495 estetenim
783 3388 870 3484 fides
887 3385 990 3476 rofio,
997 3384 1084 3480 fides
1099 3411 1195 3475 vera,
1212 3386 1299 3481 fides
1307 3384 1462 3477 fiduciam
1467 3383 1644 3479 sperandae
1660 3384 1809 3477 felicita·

607 3508 653 3573 tis
667 3504 874 3594 impertiens:
901 3493 988 3561 Haec
1014 3486 1056 3585 esi
1075 3486 1144 3583 fine
1166 3494 1258 3559 cuius
1277 3491 1501 3557 concomitante
1520 3482 1666 3584 suffragio
1686 3487 1809 3581 placere

605 3597 760 3701 Altifflmo
775 3617 864 3669 nemo
876 3590 989 3691 potest,
1006 3615 1088 3689 qnae
1114 3610 1223 3661 reatus
1242 3608 1417 3686 expurgans
1444 3584 1600 3660 commodo
1614 3584 1809 3681 salustianis

606 3699 770 3803 impendit.
829 3699 891 3767 Per
915 3698 995 3780 hanc
1012 3713 1158 3763 aeternae
1182 3689 1394 3763 beatitudinis
1410 3686 1550 3784 gaudia,
1576 3695 1715 3761 uirtutis
1735 3710 1811 3760 con·

605 3795 958 3886 assentantium,
977 3800 1199 3892 acquiruntur.
1264 3793 1327 3863 Per
1342 3794 1421 3863 bans
1438 3788 1479 3862 dc
1494 3815 1564 3861 arce
1582 3799 1698 3863 mentis
1718 3796 1807 3861 anti·

604 3929 688 4006 quus
703 3903 796 4000 bostis
814 3899 989 3997 expeditur.
1038 3897 1124 3966 Haec
1142 3891 1237 3965 cordo
1253 3913 1438 3990 mentesque·
1444 3889 1615 3991 purificat,
1642 3913 1676 3964 et
1693 3885 1807 3983 infidae

1699 3992 1813 4061 litatis

636 4160 682 4248 (t)
702 4156 792 4248 Quas
808 4147 984 4308 s'w
1008 4169 1104 4241 vsqsoe
1131 4145 1176 4218 oi
1195 4143 1297 4218 veria
1321 4141 1441 4232 giorno
1464 4139 1690 4235 subsequitur,
1711 4134 1813 4209 addit

696 4257 862 4319 vetusto
1406 4271 1412 4290 .
1627 4303 1630 4310 Ι
1708 4265 1721 4280 „
1859 4260 1863 4268 Α
