<?xml version="1.0" encoding="UTF-8"?>
<!DOCTYPE html PUBLIC "-//W3C//DTD XHTML 1.0 Transitional//EN"
    "http://www.w3.org/TR/xhtml1/DTD/xhtml1-transitional.dtd">
<html xmlns="http://www.w3.org/1999/xhtml" xml:lang="en" lang="en">
 <head>
  <title>
</title>
<meta http-equiv="Content-Type" content="text/html;charset=utf-8" />
  <meta name='ocr-system' content='tesseract 3.04.00' />
  <meta name='ocr-capabilities' content='ocr_page ocr_carea ocr_par ocr_line ocrx_word'/>
</head>
<body>
  <div class='ocr_page' id='page_1' title='image "./iolavrentiimosh00moshgoog_0280.png"; bbox 0 0 4859 5200; ppageno 0'>
   <div class='ocr_carea' id='block_1_1' title="bbox 592 611 1915 1432">
    <p class='ocr_par' dir='ltr' id='par_1_1' title="bbox 592 611 1915 1432">
     <span class='ocr_line' id='line_1_1' title="bbox 1056 611 1373 712; baseline -0.022 -2"><span class='ocrx_word' id='word_1_1' title='bbox 1056 634 1113 702; x_wconf 64' lang='grc' dir='ltr'><em>σε</em></span> <span class='ocrx_word' id='word_1_2' title='bbox 1135 615 1151 709; x_wconf 90' lang='grc'>(</span> <span class='ocrx_word' id='word_1_3' title='bbox 1172 611 1273 712; x_wconf 79' lang='lat' dir='ltr'><em>no(</em></span> <span class='ocrx_word' id='word_1_4' title='bbox 1293 621 1373 703; x_wconf 63' lang='lat' dir='ltr'><em>et.</em></span> 
     </span>
     <span class='ocr_line' id='line_1_2' title="bbox 592 734 1799 839; baseline -0.012 -23"><span class='ocrx_word' id='word_1_5' title='bbox 592 744 735 839; x_wconf 47' lang='lat' dir='ltr'><em>,Domini</em></span> <span class='ocrx_word' id='word_1_6' title='bbox 769 739 903 834; x_wconf 76' lang='lat' dir='ltr'><em>Chaonis.</em></span> <span class='ocrx_word' id='word_1_7' title='bbox 997 738 1151 806; x_wconf 80' lang='lat' dir='ltr'><em>Dominus</em></span> <span class='ocrx_word' id='word_1_8' title='bbox 1191 757 1371 815; x_wconf 63' lang='lat' dir='ltr'><em>earnes</em></span> <span class='ocrx_word' id='word_1_9' title='bbox 1414 734 1455 807; x_wconf 91' lang='lat' dir='ltr'><em>de</em></span> <span class='ocrx_word' id='word_1_10' title='bbox 1498 749 1799 811; x_wconf 65' lang='lat' dir='ltr'><em>nvcnnonco</em></span> 
     </span>
     <span class='ocr_line' id='line_1_3' title="bbox 599 822 1915 936; baseline -0.011 -23"><span class='ocrx_word' id='word_1_11' title='bbox 599 843 711 936; x_wconf 87' lang='lat' dir='ltr'><em>fidelis</em></span> <span class='ocrx_word' id='word_1_12' title='bbox 745 836 939 930; x_wconf 74' lang='lat' dir='ltr'><em>Christianus</em></span> <span class='ocrx_word' id='word_1_13' title='bbox 964 854 996 903; x_wconf 83' lang='lat' dir='ltr'><em>ee</em></span> <span class='ocrx_word' id='word_1_14' title='bbox 1021 860 1152 928; x_wconf 84' lang='lat' dir='ltr'><em>magnus</em></span> <span class='ocrx_word' id='word_1_15' title='bbox 1185 856 1356 923; x_wconf 85' lang='lat' dir='ltr'><em>mercator,</em></span> <span class='ocrx_word' id='word_1_16' title='bbox 1389 842 1447 932; x_wconf 85' lang='lat' dir='ltr'><em>qui</em></span> <span class='ocrx_word' id='word_1_17' title='bbox 1477 835 1553 926; x_wconf 83' lang='lat' dir='ltr'><em>suit</em></span> <span class='ocrx_word' id='word_1_18' title='bbox 1573 835 1675 925; x_wconf 76' lang='lat' dir='ltr'><em>socrus</em></span> <span class='ocrx_word' id='word_1_19' title='bbox 1715 853 1802 926; x_wconf 78' lang='lat' dir='ltr'><em>meus</em></span> <span class='ocrx_word' id='word_1_20' title='bbox 1901 822 1915 846; x_wconf 73' lang='lat'><em>⁴</em></span> 
     </span>
     <span class='ocr_line' id='line_1_4' title="bbox 603 931 1800 1030; baseline -0.012 -17"><span class='ocrx_word' id='word_1_21' title='bbox 603 942 645 1014; x_wconf 89' lang='lat' dir='ltr'><em>de</em></span> <span class='ocrx_word' id='word_1_22' title='bbox 677 934 865 1028; x_wconf 70' lang='lat' dir='ltr'><em>Uranrifio,</em></span> <span class='ocrx_word' id='word_1_23' title='bbox 934 931 995 1028; x_wconf 82' lang='lat' dir='ltr'><em>ipse</em></span> <span class='ocrx_word' id='word_1_24' title='bbox 1037 944 1113 1004; x_wconf 80' lang='lat' dir='ltr'><em>emis</em></span> <span class='ocrx_word' id='word_1_25' title='bbox 1147 955 1267 1005; x_wconf 82' lang='lat' dir='ltr'><em>terram</em></span> <span class='ocrx_word' id='word_1_26' title='bbox 1300 953 1359 1029; x_wconf 89' lang='lat' dir='ltr'><em>pro</em></span> <span class='ocrx_word' id='word_1_27' title='bbox 1374 936 1453 1005; x_wconf 84' lang='lat' dir='ltr'><em>loco</em></span> <span class='ocrx_word' id='word_1_28' title='bbox 1479 958 1570 1030; x_wconf 84' lang='lat' dir='ltr'><em>queen</em></span> <span class='ocrx_word' id='word_1_29' title='bbox 1607 932 1715 1019; x_wconf 88' lang='lat' dir='ltr'><em>dixi,</em></span> <span class='ocrx_word' id='word_1_30' title='bbox 1768 946 1800 999; x_wconf 79' lang='lat' dir='ltr'><em>et</em></span> 
     </span>
     <span class='ocr_line' id='line_1_5' title="bbox 605 1024 1802 1129; baseline -0.013 -17"><span class='ocrx_word' id='word_1_31' title='bbox 605 1038 697 1112; x_wconf 81' lang='lat' dir='ltr'><em>dedit</em></span> <span class='ocrx_word' id='word_1_32' title='bbox 712 1040 793 1108; x_wconf 89' lang='lat' dir='ltr'><em>mihi</em></span> <span class='ocrx_word' id='word_1_33' title='bbox 804 1055 861 1129; x_wconf 90' lang='lat' dir='ltr'><em>pra</em></span> <span class='ocrx_word' id='word_1_34' title='bbox 878 1055 980 1102; x_wconf 83' lang='lat' dir='ltr'><em>ansere</em></span> <span class='ocrx_word' id='word_1_35' title='bbox 997 1036 1071 1106; x_wconf 91' lang='lat' dir='ltr'><em>Dei.</em></span> <span class='ocrx_word' id='word_1_36' title='bbox 1122 1035 1170 1106; x_wconf 83' lang='lat' dir='ltr'><em>Ee</em></span> <span class='ocrx_word' id='word_1_37' title='bbox 1186 1032 1299 1104; x_wconf 89' lang='lat' dir='ltr'><em>diuina</em></span> <span class='ocrx_word' id='word_1_38' title='bbox 1310 1040 1418 1126; x_wconf 82' lang='lat' dir='ltr'><em>gratia</em></span> <span class='ocrx_word' id='word_1_39' title='bbox 1435 1051 1591 1129; x_wconf 81' lang='lat' dir='ltr'><em>operante,</em></span> <span class='ocrx_word' id='word_1_40' title='bbox 1619 1050 1697 1126; x_wconf 81' lang='lat' dir='ltr'><em>puro</em></span> <span class='ocrx_word' id='word_1_41' title='bbox 1715 1024 1802 1125; x_wconf 85' lang='lat' dir='ltr'><em>qnod</em></span> 
     </span>
     <span class='ocr_line' id='line_1_6' title="bbox 605 1129 1801 1229; baseline -0.014 -19"><span class='ocrx_word' id='word_1_42' title='bbox 605 1142 722 1210; x_wconf 83' lang='lat' dir='ltr'><em>veilior</em></span> <span class='ocrx_word' id='word_1_43' title='bbox 738 1155 769 1205; x_wconf 83' lang='lat' dir='ltr'><em>ee</em></span> <span class='ocrx_word' id='word_1_44' title='bbox 785 1139 1000 1224; x_wconf 81' lang='lat' dir='ltr'><em>congruentior</em></span> <span class='ocrx_word' id='word_1_45' title='bbox 1016 1134 1102 1202; x_wconf 86' lang='lat' dir='ltr'><em>lorus</em></span> <span class='ocrx_word' id='word_1_46' title='bbox 1116 1133 1226 1203; x_wconf 88' lang='lat' dir='ltr'><em>baberi</em></span> <span class='ocrx_word' id='word_1_47' title='bbox 1257 1156 1322 1202; x_wconf 88' lang='lat' dir='ltr'><em>nan</em></span> <span class='ocrx_word' id='word_1_48' title='bbox 1343 1131 1432 1229; x_wconf 80' lang='lat' dir='ltr'><em>poffle</em></span> <span class='ocrx_word' id='word_1_49' title='bbox 1446 1142 1482 1204; x_wconf 93' lang='lat' dir='ltr'><em>in</em></span> <span class='ocrx_word' id='word_1_50' title='bbox 1499 1152 1565 1202; x_wconf 81' lang='lat' dir='ltr'><em>eaeo</em></span> <span class='ocrx_word' id='word_1_51' title='bbox 1580 1133 1718 1225; x_wconf 78' lang='lat' dir='ltr'><em>&#39;Inoperio</em></span> <span class='ocrx_word' id='word_1_52' title='bbox 1732 1129 1801 1196; x_wconf 88' lang='lat' dir='ltr'><em>De·</em></span> 
     </span>
     <span class='ocr_line' id='line_1_7' title="bbox 606 1225 1803 1328; baseline -0.014 -18"><span class='ocrx_word' id='word_1_53' title='bbox 606 1244 687 1311; x_wconf 90' lang='lat' dir='ltr'><em>mini</em></span> <span class='ocrx_word' id='word_1_54' title='bbox 697 1237 821 1305; x_wconf 77' lang='lat' dir='ltr'><em>Cbnmis</em></span> <span class='ocrx_word' id='word_1_55' title='bbox 833 1229 1211 1326; x_wconf 78' lang='lat' dir='ltr'><em>proEccleſsaCoebalica</em></span> <span class='ocrx_word' id='word_1_56' title='bbox 1227 1231 1438 1327; x_wconf 73' lang='lat' dir='ltr'><em>construenda.</em></span> <span class='ocrx_word' id='word_1_57' title='bbox 1507 1232 1546 1303; x_wconf 84' lang='lat' dir='ltr'><em>ln</em></span> <span class='ocrx_word' id='word_1_58' title='bbox 1558 1235 1711 1328; x_wconf 89' lang='lat' dir='ltr'><em>principio</em></span> <span class='ocrx_word' id='word_1_59' title='bbox 1728 1225 1803 1295; x_wconf 86' lang='lat' dir='ltr'><em>Au·</em></span> 
     </span>
     <span class='ocr_line' id='line_1_8' title="bbox 601 1327 1833 1432; baseline -0.014 -25"><span class='ocrx_word' id='word_1_60' title='bbox 601 1334 684 1432; x_wconf 80' lang='lat' dir='ltr'><em>gussi</em></span> <span class='ocrx_word' id='word_1_61' title='bbox 700 1335 798 1405; x_wconf 89' lang='lat' dir='ltr'><em>locum</em></span> <span class='ocrx_word' id='word_1_62' title='bbox 815 1336 932 1424; x_wconf 85' lang='lat' dir='ltr'><em>accepi,</em></span> <span class='ocrx_word' id='word_1_63' title='bbox 959 1350 990 1399; x_wconf 85' lang='lat' dir='ltr'><em>ee</em></span> <span class='ocrx_word' id='word_1_64' title='bbox 1006 1329 1204 1428; x_wconf 80' lang='lat' dir='ltr'><em>afflfleneibns</em></span> <span class='ocrx_word' id='word_1_65' title='bbox 1219 1327 1513 1422; x_wconf 63' lang='lat' dir='ltr'><em>benefacioribnsee</em></span> <span class='ocrx_word' id='word_1_66' title='bbox 1527 1327 1729 1415; x_wconf 82' lang='lat' dir='ltr'><em>iuuantibus,</em></span> <span class='ocrx_word' id='word_1_67' title='bbox 1744 1345 1803 1393; x_wconf 86' lang='lat' dir='ltr'><em>ess·</em></span> <span class='ocrx_word' id='word_1_68' title='bbox 1831 1358 1833 1363; x_wconf 36' lang='lat' dir='ltr'>v</span> 
     </span>
    </p>
   </div>
   <div class='ocr_carea' id='block_1_2' title="bbox 608 1420 2091 1534">
    <p class='ocr_par' dir='ltr' id='par_1_2' title="bbox 608 1420 2091 1534">
     <span class='ocr_line' id='line_1_9' title="bbox 608 1420 2091 1534; baseline -0.007 -29"><span class='ocrx_word' id='word_1_69' title='bbox 608 1460 669 1534; x_wconf 79' lang='lat' dir='ltr'><em>que</em></span> <span class='ocrx_word' id='word_1_70' title='bbox 686 1431 854 1526; x_wconf 77' lang='lat' dir='ltr'><em>adsefiurn</em></span> <span class='ocrx_word' id='word_1_71' title='bbox 865 1427 976 1520; x_wconf 74' lang='lat' dir='ltr'><em>seruili</em></span> <span class='ocrx_word' id='word_1_72' title='bbox 999 1451 1197 1505; x_wconf 67' lang='lat' dir='ltr'><em>ranuclscs</em></span> <span class='ocrx_word' id='word_1_73' title='bbox 1218 1429 1295 1520; x_wconf 80' lang='lat' dir='ltr'><em>suis</em></span> <span class='ocrx_word' id='word_1_74' title='bbox 1317 1432 1485 1526; x_wconf 80' lang='lat' dir='ltr'><em>completus</em></span> <span class='ocrx_word' id='word_1_75' title='bbox 1501 1433 1569 1499; x_wconf 85' lang='lat' dir='ltr'><em>aum</em></span> <span class='ocrx_word' id='word_1_76' title='bbox 1587 1451 1675 1499; x_wconf 86' lang='lat' dir='ltr'><em>muro</em></span> <span class='ocrx_word' id='word_1_77' title='bbox 1690 1433 1725 1496; x_wconf 91' lang='lat' dir='ltr'><em>in</em></span> <span class='ocrx_word' id='word_1_78' title='bbox 1743 1428 1804 1492; x_wconf 84' lang='lat' dir='ltr'><em>cir·</em></span> <span class='ocrx_word' id='word_1_79' title='bbox 1856 1442 1859 1447; x_wconf 88' lang='lat'><em>·</em></span> <span class='ocrx_word' id='word_1_80' title='bbox 1945 1436 1953 1496; x_wconf 66' lang='grc' dir='ltr'>ζ</span> <span class='ocrx_word' id='word_1_81' title='bbox 2024 1496 2027 1515; x_wconf 67' lang='grc'>,</span> <span class='ocrx_word' id='word_1_82' title='bbox 2085 1420 2091 1430; x_wconf 55' lang='lat'>‘</span> 
     </span>
    </p>
   </div>
   <div class='ocr_carea' id='block_1_3' title="bbox 603 1518 1870 1826">
    <p class='ocr_par' dir='ltr' id='par_1_3' title="bbox 603 1518 1870 1826">
     <span class='ocr_line' id='line_1_10' title="bbox 608 1518 1805 1626; baseline -0.011 -22"><span class='ocrx_word' id='word_1_83' title='bbox 608 1541 717 1621; x_wconf 83' lang='lat' dir='ltr'><em>onitu,</em></span> <span class='ocrx_word' id='word_1_84' title='bbox 735 1552 767 1600; x_wconf 86' lang='lat' dir='ltr'><em>es</em></span> <span class='ocrx_word' id='word_1_85' title='bbox 783 1528 944 1616; x_wconf 77' lang='lat' dir='ltr'><em>domibus,</em></span> <span class='ocrx_word' id='word_1_86' title='bbox 961 1525 1108 1619; x_wconf 82' lang='lat' dir='ltr'><em>officinis,</em></span> <span class='ocrx_word' id='word_1_87' title='bbox 1131 1531 1270 1625; x_wconf 81' lang='lat' dir='ltr'><em>plateis,</em></span> <span class='ocrx_word' id='word_1_88' title='bbox 1284 1550 1317 1599; x_wconf 86' lang='lat' dir='ltr'><em>ee</em></span> <span class='ocrx_word' id='word_1_89' title='bbox 1331 1528 1576 1626; x_wconf 79' lang='lat' dir='ltr'><em>oratorio,quad</em></span> <span class='ocrx_word' id='word_1_90' title='bbox 1589 1526 1735 1624; x_wconf 74' lang='lat' dir='ltr'><em>eslaapan</em></span> <span class='ocrx_word' id='word_1_91' title='bbox 1742 1518 1805 1591; x_wconf 89' lang='lat' dir='ltr'><em>dre·</em></span> 
     </span>
     <span class='ocr_line' id='line_1_11' title="bbox 609 1624 1806 1729; baseline -0.011 -26"><span class='ocrx_word' id='word_1_92' title='bbox 609 1653 770 1729; x_wconf 71' lang='lat' dir='ltr'><em>ceniarum</em></span> <span class='ocrx_word' id='word_1_93' title='bbox 780 1626 993 1725; x_wconf 81' lang='lat' dir='ltr'><em>personarum.</em></span> <span class='ocrx_word' id='word_1_94' title='bbox 1044 1628 1247 1724; x_wconf 85' lang='lat' dir='ltr'><em>Sedpropter</em></span> <span class='ocrx_word' id='word_1_95' title='bbox 1262 1631 1396 1726; x_wconf 80' lang='lat' dir='ltr'><em>hyemem</em></span> <span class='ocrx_word' id='word_1_96' title='bbox 1406 1628 1570 1722; x_wconf 84' lang='lat' dir='ltr'><em>Ecclefiana</em></span> <span class='ocrx_word' id='word_1_97' title='bbox 1580 1625 1727 1724; x_wconf 81' lang='lat' dir='ltr'><em>perficere</em></span> <span class='ocrx_word' id='word_1_98' title='bbox 1740 1624 1806 1692; x_wconf 80' lang='lat' dir='ltr'><em>mose</em></span> 
     </span>
     <span class='ocr_line' id='line_1_12' title="bbox 603 1720 1870 1826; baseline -0.009 -25"><span class='ocrx_word' id='word_1_99' title='bbox 603 1739 719 1826; x_wconf 90' lang='lat' dir='ltr'><em>poeni,</em></span> <span class='ocrx_word' id='word_1_100' title='bbox 732 1726 794 1820; x_wconf 80' lang='lat' dir='ltr'><em>sed</em></span> <span class='ocrx_word' id='word_1_101' title='bbox 809 1725 904 1796; x_wconf 87' lang='lat' dir='ltr'><em>babeo</em></span> <span class='ocrx_word' id='word_1_102' title='bbox 935 1725 1022 1817; x_wconf 68' lang='lat' dir='ltr'><em>ligna</em></span> <span class='ocrx_word' id='word_1_103' title='bbox 1041 1749 1223 1820; x_wconf 83' lang='lat' dir='ltr'><em>congregata</em></span> <span class='ocrx_word' id='word_1_104' title='bbox 1246 1735 1283 1798; x_wconf 92' lang='lat' dir='ltr'><em>in</em></span> <span class='ocrx_word' id='word_1_105' title='bbox 1298 1725 1405 1816; x_wconf 91' lang='lat' dir='ltr'><em>domo,</em></span> <span class='ocrx_word' id='word_1_106' title='bbox 1440 1746 1473 1798; x_wconf 88' lang='lat' dir='ltr'><em>ee</em></span> <span class='ocrx_word' id='word_1_107' title='bbox 1492 1747 1550 1824; x_wconf 91' lang='lat' dir='ltr'><em>per</em></span> <span class='ocrx_word' id='word_1_108' title='bbox 1564 1720 1820 1820; x_wconf 35' lang='lat' dir='ltr'><em>misericordiam·</em></span> <span class='ocrx_word' id='word_1_109' title='bbox 1859 1784 1870 1803; x_wconf 62' lang='lat'><em>„</em></span> 
     </span>
    </p>
   </div>
   <div class='ocr_carea' id='block_1_4' title="bbox 608 1817 1924 1924">
    <p class='ocr_par' dir='ltr' id='par_1_4' title="bbox 608 1817 1924 1924">
     <span class='ocr_line' id='line_1_13' title="bbox 608 1817 1924 1924; baseline -0.009 -25"><span class='ocrx_word' id='word_1_110' title='bbox 608 1833 673 1901; x_wconf 92' lang='lat' dir='ltr'><em>Dei</em></span> <span class='ocrx_word' id='word_1_111' title='bbox 693 1825 853 1924; x_wconf 79' lang='lat' dir='ltr'><em>perficiam</em></span> <span class='ocrx_word' id='word_1_112' title='bbox 880 1832 915 1894; x_wconf 90' lang='lat' dir='ltr'><em>in</em></span> <span class='ocrx_word' id='word_1_113' title='bbox 937 1822 1057 1919; x_wconf 77' lang='lat' dir='ltr'><em>aeslase.</em></span> <span class='ocrx_word' id='word_1_114' title='bbox 1108 1829 1188 1897; x_wconf 84' lang='lat' dir='ltr'><em>Dico</em></span> <span class='ocrx_word' id='word_1_115' title='bbox 1213 1826 1325 1915; x_wconf 86' lang='lat' dir='ltr'><em>vebis,</em></span> <span class='ocrx_word' id='word_1_116' title='bbox 1349 1823 1435 1924; x_wconf 87' lang='lat' dir='ltr'><em>quod</em></span> <span class='ocrx_word' id='word_1_117' title='bbox 1447 1834 1563 1897; x_wconf 88' lang='lat' dir='ltr'><em>mirum</em></span> <span class='ocrx_word' id='word_1_118' title='bbox 1580 1823 1737 1924; x_wconf 78' lang='lat' dir='ltr'><em>quoddam</em></span> <span class='ocrx_word' id='word_1_119' title='bbox 1751 1826 1807 1891; x_wconf 83' lang='lat' dir='ltr'><em>oi·</em></span> <span class='ocrx_word' id='word_1_120' title='bbox 1858 1817 1862 1824; x_wconf 80' lang='grc'><strong>’</strong></span> <span class='ocrx_word' id='word_1_121' title='bbox 1921 1837 1924 1844; x_wconf 86' lang='grc'><strong>’</strong></span> 
     </span>
    </p>
   </div>
   <div class='ocr_carea' id='block_1_5' title="bbox 559 1919 1909 3213">
    <p class='ocr_par' dir='ltr' id='par_1_5' title="bbox 559 1919 1909 3213">
     <span class='ocr_line' id='line_1_14' title="bbox 600 1919 1875 2022; baseline -0.004 -24"><span class='ocrx_word' id='word_1_122' title='bbox 600 1927 676 2022; x_wconf 77' lang='lat' dir='ltr'><em>sum</em></span> <span class='ocrx_word' id='word_1_123' title='bbox 693 1924 888 2022; x_wconf 75' lang='lat' dir='ltr'><em>estomnibus</em></span> <span class='ocrx_word' id='word_1_124' title='bbox 908 1919 1150 1996; x_wconf 84' lang='lat' dir='ltr'><em>aduenientibus</em></span> <span class='ocrx_word' id='word_1_125' title='bbox 1172 1925 1213 1996; x_wconf 92' lang='lat' dir='ltr'><em>de</em></span> <span class='ocrx_word' id='word_1_126' title='bbox 1229 1927 1390 2016; x_wconf 77' lang='lat' dir='ltr'><em>Ciuitate,</em></span> <span class='ocrx_word' id='word_1_127' title='bbox 1411 1945 1457 1996; x_wconf 54' lang='lat' dir='ltr'><em>ree</em></span> <span class='ocrx_word' id='word_1_128' title='bbox 1472 1927 1618 2015; x_wconf 78' lang='lat' dir='ltr'><em>aliunde,</em></span> <span class='ocrx_word' id='word_1_129' title='bbox 1634 1932 1691 2021; x_wconf 85' lang='lat' dir='ltr'><em>qui</em></span> <span class='ocrx_word' id='word_1_130' title='bbox 1704 1920 1809 1992; x_wconf 86' lang='lat' dir='ltr'><em>adhue</em></span> <span class='ocrx_word' id='word_1_131' title='bbox 1872 1988 1875 1993; x_wconf 87' lang='lat'>.</span> 
     </span>
     <span class='ocr_line' id='line_1_15' title="bbox 609 2017 1806 2118; baseline -0.006 -22"><span class='ocrx_word' id='word_1_132' title='bbox 609 2050 673 2096; x_wconf 90' lang='lat' dir='ltr'><em>nen</em></span> <span class='ocrx_word' id='word_1_133' title='bbox 690 2023 862 2096; x_wconf 82' lang='lat' dir='ltr'><em>audierunt</em></span> <span class='ocrx_word' id='word_1_134' title='bbox 877 2021 1040 2118; x_wconf 86' lang='lat' dir='ltr'><em>quidpiam</em></span> <span class='ocrx_word' id='word_1_135' title='bbox 1055 2022 1096 2094; x_wconf 90' lang='lat' dir='ltr'><em>de</em></span> <span class='ocrx_word' id='word_1_136' title='bbox 1111 2027 1187 2095; x_wconf 84' lang='lat' dir='ltr'><em>loos:</em></span> <span class='ocrx_word' id='word_1_137' title='bbox 1211 2023 1360 2095; x_wconf 83' lang='lat' dir='ltr'><em>videntes</em></span> <span class='ocrx_word' id='word_1_138' title='bbox 1376 2034 1460 2096; x_wconf 89' lang='lat' dir='ltr'><em>enirn</em></span> <span class='ocrx_word' id='word_1_139' title='bbox 1476 2027 1577 2095; x_wconf 88' lang='lat' dir='ltr'><em>locum</em></span> <span class='ocrx_word' id='word_1_140' title='bbox 1595 2024 1635 2094; x_wconf 94' lang='lat' dir='ltr'><em>de</em></span> <span class='ocrx_word' id='word_1_141' title='bbox 1654 2044 1735 2092; x_wconf 89' lang='lat' dir='ltr'><em>nana</em></span> <span class='ocrx_word' id='word_1_142' title='bbox 1744 2017 1806 2108; x_wconf 82' lang='lat' dir='ltr'><em>fo·</em></span> 
     </span>
     <span class='ocr_line' id='line_1_16' title="bbox 611 2120 1837 2216; baseline -0.004 -24"><span class='ocrx_word' id='word_1_143' title='bbox 611 2120 719 2208; x_wconf 67' lang='lat' dir='ltr'><em>Dum,</em></span> <span class='ocrx_word' id='word_1_144' title='bbox 745 2143 776 2190; x_wconf 86' lang='lat' dir='ltr'><em>ee</em></span> <span class='ocrx_word' id='word_1_145' title='bbox 793 2145 911 2191; x_wconf 86' lang='lat' dir='ltr'><em>crucem</em></span> <span class='ocrx_word' id='word_1_146' title='bbox 926 2122 1052 2189; x_wconf 85' lang='lat' dir='ltr'><em>rubeam</em></span> <span class='ocrx_word' id='word_1_147' title='bbox 1066 2121 1194 2215; x_wconf 85' lang='lat' dir='ltr'><em>desuper</em></span> <span class='ocrx_word' id='word_1_148' title='bbox 1210 2131 1245 2191; x_wconf 92' lang='lat' dir='ltr'><em>in</em></span> <span class='ocrx_word' id='word_1_149' title='bbox 1256 2123 1388 2212; x_wconf 86' lang='lat' dir='ltr'><em>sublimi</em></span> <span class='ocrx_word' id='word_1_150' title='bbox 1399 2123 1547 2216; x_wconf 74' lang='lat' dir='ltr'><em>positam,</em></span> <span class='ocrx_word' id='word_1_151' title='bbox 1563 2142 1595 2191; x_wconf 85' lang='lat' dir='ltr'><em>ee</em></span> <span class='ocrx_word' id='word_1_152' title='bbox 1610 2145 1667 2191; x_wconf 89' lang='lat' dir='ltr'><em>nos</em></span> <span class='ocrx_word' id='word_1_153' title='bbox 1682 2128 1718 2189; x_wconf 91' lang='lat' dir='ltr'><em>in</em></span> <span class='ocrx_word' id='word_1_154' title='bbox 1736 2141 1807 2187; x_wconf 90' lang='lat' dir='ltr'><em>ora·</em></span> <span class='ocrx_word' id='word_1_155' title='bbox 1830 2172 1837 2187; x_wconf 69' lang='grc'><em>,</em></span> 
     </span>
     <span class='ocr_line' id='line_1_17' title="bbox 612 2212 1808 2314; baseline -0.005 -24"><span class='ocrx_word' id='word_1_156' title='bbox 612 2229 694 2291; x_wconf 91' lang='lat' dir='ltr'><em>eorio</em></span> <span class='ocrx_word' id='word_1_157' title='bbox 711 2217 809 2312; x_wconf 73' lang='lat' dir='ltr'><em>nostro</em></span> <span class='ocrx_word' id='word_1_158' title='bbox 818 2214 991 2306; x_wconf 80' lang='lat' dir='ltr'><em>seeundum</em></span> <span class='ocrx_word' id='word_1_159' title='bbox 1005 2217 1096 2306; x_wconf 84' lang='lat' dir='ltr'><em>vsrem</em></span> <span class='ocrx_word' id='word_1_160' title='bbox 1111 2225 1206 2313; x_wconf 84' lang='lat' dir='ltr'><em>(quia</em></span> <span class='ocrx_word' id='word_1_161' title='bbox 1221 2239 1314 2287; x_wconf 84' lang='lat' dir='ltr'><em>nasas</em></span> <span class='ocrx_word' id='word_1_162' title='bbox 1329 2220 1430 2288; x_wconf 82' lang='lat' dir='ltr'><em>adhuc</em></span> <span class='ocrx_word' id='word_1_163' title='bbox 1445 2244 1508 2290; x_wconf 91' lang='lat' dir='ltr'><em>nan</em></span> <span class='ocrx_word' id='word_1_164' title='bbox 1528 2219 1697 2311; x_wconf 84' lang='lat' dir='ltr'><em>babemus)</em></span> <span class='ocrx_word' id='word_1_165' title='bbox 1714 2212 1808 2314; x_wconf 85' lang='lat' dir='ltr'><em>offici·</em></span> 
     </span>
     <span class='ocr_line' id='line_1_18' title="bbox 613 2313 1809 2413; baseline -0.004 -23"><span class='ocrx_word' id='word_1_166' title='bbox 613 2336 847 2390; x_wconf 85' lang='lat' dir='ltr'><em>umeoneaness</em></span> <span class='ocrx_word' id='word_1_167' title='bbox 854 2313 1057 2408; x_wconf 80' lang='lat' dir='ltr'><em>solemniter,</em></span> <span class='ocrx_word' id='word_1_168' title='bbox 1089 2316 1225 2411; x_wconf 87' lang='lat' dir='ltr'><em>amplius</em></span> <span class='ocrx_word' id='word_1_169' title='bbox 1241 2314 1395 2387; x_wconf 83' lang='lat' dir='ltr'><em>admirati</em></span> <span class='ocrx_word' id='word_1_170' title='bbox 1401 2315 1494 2407; x_wconf 76' lang='lat' dir='ltr'><em>sune.</em></span> <span class='ocrx_word' id='word_1_171' title='bbox 1544 2318 1686 2413; x_wconf 72' lang='lat' dir='ltr'><em>Quando</em></span> <span class='ocrx_word' id='word_1_172' title='bbox 1700 2315 1809 2388; x_wconf 83' lang='lat' dir='ltr'><em>abrota-</em></span> 
     </span>
     <span class='ocr_line' id='line_1_19' title="bbox 612 2414 1841 2514; baseline -0.007 -24"><span class='ocrx_word' id='word_1_173' title='bbox 612 2442 706 2490; x_wconf 84' lang='lat' dir='ltr'><em>rnus:</em></span> <span class='ocrx_word' id='word_1_174' title='bbox 731 2419 887 2488; x_wconf 88' lang='lat' dir='ltr'><em>Dominus</em></span> <span class='ocrx_word' id='word_1_175' title='bbox 896 2414 993 2483; x_wconf 87' lang='lat' dir='ltr'><em>Cbem</em></span> <span class='ocrx_word' id='word_1_176' title='bbox 1008 2420 1044 2483; x_wconf 89' lang='lat' dir='ltr'><em>in</em></span> <span class='ocrx_word' id='word_1_177' title='bbox 1060 2439 1181 2486; x_wconf 86' lang='lat' dir='ltr'><em>camera</em></span> <span class='ocrx_word' id='word_1_178' title='bbox 1188 2416 1252 2508; x_wconf 77' lang='lat' dir='ltr'><em>sna</em></span> <span class='ocrx_word' id='word_1_179' title='bbox 1262 2415 1362 2510; x_wconf 75' lang='lat' dir='ltr'><em>pasefl</em></span> <span class='ocrx_word' id='word_1_180' title='bbox 1376 2416 1488 2487; x_wconf 91' lang='lat' dir='ltr'><em>audire</em></span> <span class='ocrx_word' id='word_1_181' title='bbox 1502 2443 1594 2490; x_wconf 84' lang='lat' dir='ltr'><em>voces</em></span> <span class='ocrx_word' id='word_1_182' title='bbox 1611 2418 1751 2514; x_wconf 62' lang='lat' dir='ltr'><em>nostran</em></span> <span class='ocrx_word' id='word_1_183' title='bbox 1778 2433 1810 2484; x_wconf 87' lang='lat' dir='ltr'><em>es</em></span> <span class='ocrx_word' id='word_1_184' title='bbox 1838 2464 1841 2470; x_wconf 80' lang='lat'><em>-</em></span> 
     </span>
     <span class='ocr_line' id='line_1_20' title="bbox 614 2510 1810 2614; baseline -0.008 -24"><span class='ocrx_word' id='word_1_185' title='bbox 614 2521 671 2590; x_wconf 85' lang='lat' dir='ltr'><em>hoc</em></span> <span class='ocrx_word' id='word_1_186' title='bbox 686 2515 830 2588; x_wconf 89' lang='lat' dir='ltr'><em>mirabile</em></span> <span class='ocrx_word' id='word_1_187' title='bbox 838 2510 969 2605; x_wconf 74' lang='lat' dir='ltr'><em>salium</em></span> <span class='ocrx_word' id='word_1_188' title='bbox 985 2515 1073 2608; x_wconf 82' lang='lat' dir='ltr'><em>longe</em></span> <span class='ocrx_word' id='word_1_189' title='bbox 1098 2516 1224 2613; x_wconf 85' lang='lat' dir='ltr'><em>lateque</em></span> <span class='ocrx_word' id='word_1_190' title='bbox 1246 2517 1446 2609; x_wconf 86' lang='lat' dir='ltr'><em>dinnlgarurn</em></span> <span class='ocrx_word' id='word_1_191' title='bbox 1470 2516 1510 2614; x_wconf 70' lang='lat' dir='ltr'><em>eli</em></span> <span class='ocrx_word' id='word_1_192' title='bbox 1525 2527 1610 2589; x_wconf 86' lang='lat' dir='ltr'><em>inter</em></span> <span class='ocrx_word' id='word_1_193' title='bbox 1620 2540 1750 2613; x_wconf 82' lang='lat' dir='ltr'><em>gentes,</em></span> <span class='ocrx_word' id='word_1_194' title='bbox 1777 2531 1810 2583; x_wconf 87' lang='lat' dir='ltr'><em>ee</em></span> 
     </span>
     <span class='ocr_line' id='line_1_21' title="bbox 559 2607 1809 2715; baseline 0.001 -27"><span class='ocrx_word' id='word_1_195' title='bbox 559 2607 568 2632; x_wconf 74' lang='lat'><strong><em>‘</em></strong></span> <span class='ocrx_word' id='word_1_196' title='bbox 609 2641 669 2715; x_wconf 93' lang='lat' dir='ltr'><em>pro</em></span> <span class='ocrx_word' id='word_1_197' title='bbox 685 2640 794 2710; x_wconf 79' lang='lat' dir='ltr'><em>magno</em></span> <span class='ocrx_word' id='word_1_198' title='bbox 808 2614 959 2708; x_wconf 76' lang='lat' dir='ltr'><em>erusteus</em></span> <span class='ocrx_word' id='word_1_199' title='bbox 975 2612 1116 2709; x_wconf 82' lang='lat' dir='ltr'><em>disponet</em></span> <span class='ocrx_word' id='word_1_200' title='bbox 1131 2638 1163 2687; x_wconf 85' lang='lat' dir='ltr'><em>ee</em></span> <span class='ocrx_word' id='word_1_201' title='bbox 1177 2615 1363 2711; x_wconf 78' lang='lat' dir='ltr'><em>adimplebit</em></span> <span class='ocrx_word' id='word_1_202' title='bbox 1375 2617 1489 2689; x_wconf 87' lang='lat' dir='ltr'><em>diuina</em></span> <span class='ocrx_word' id='word_1_203' title='bbox 1507 2620 1680 2694; x_wconf 86' lang='lat' dir='ltr'><em>elementia.</em></span> <span class='ocrx_word' id='word_1_204' title='bbox 1691 2614 1809 2710; x_wconf 50' lang='lat' dir='ltr'><em>‘Apris</em></span> 
     </span>
     <span class='ocr_line' id='line_1_22' title="bbox 613 2711 1909 2813; baseline 0.002 -24"><span class='ocrx_word' id='word_1_205' title='bbox 613 2744 665 2789; x_wconf 90' lang='lat' dir='ltr'><em>ma</em></span> <span class='ocrx_word' id='word_1_206' title='bbox 681 2715 833 2807; x_wconf 79' lang='lat' dir='ltr'><em>Ecclefia,</em></span> <span class='ocrx_word' id='word_1_207' title='bbox 858 2733 889 2784; x_wconf 86' lang='lat' dir='ltr'><em>ee</em></span> <span class='ocrx_word' id='word_1_208' title='bbox 915 2713 980 2785; x_wconf 88' lang='lat' dir='ltr'><em>loco</em></span> <span class='ocrx_word' id='word_1_209' title='bbox 1003 2711 1103 2806; x_wconf 79' lang='lat' dir='ltr'><em>nostro</em></span> <span class='ocrx_word' id='word_1_210' title='bbox 1126 2715 1295 2813; x_wconf 80' lang='lat' dir='ltr'><em>usquead</em></span> <span class='ocrx_word' id='word_1_211' title='bbox 1319 2718 1484 2810; x_wconf 84' lang='lat' dir='ltr'><em>Eccleſsam</em></span> <span class='ocrx_word' id='word_1_212' title='bbox 1499 2718 1692 2808; x_wconf 86' lang='lat' dir='ltr'><em>secundam,</em></span> <span class='ocrx_word' id='word_1_213' title='bbox 1717 2735 1813 2813; x_wconf 85' lang='lat' dir='ltr'><em>quam</em></span> <span class='ocrx_word' id='word_1_214' title='bbox 1899 2767 1909 2792; x_wconf 49' lang='grc' dir='ltr'><em>η</em></span> 
     </span>
     <span class='ocr_line' id='line_1_23' title="bbox 612 2807 1810 2912; baseline -0.003 -23"><span class='ocrx_word' id='word_1_215' title='bbox 612 2815 780 2912; x_wconf 73' lang='lat' dir='ltr'><em>nedifieaui</em></span> <span class='ocrx_word' id='word_1_216' title='bbox 787 2811 909 2910; x_wconf 69' lang='lat' dir='ltr'><em>polleo,</em></span> <span class='ocrx_word' id='word_1_217' title='bbox 923 2807 1001 2898; x_wconf 74' lang='lat' dir='ltr'><em>{ient</em></span> <span class='ocrx_word' id='word_1_218' title='bbox 1013 2810 1077 2882; x_wconf 88' lang='lat' dir='ltr'><em>duo</em></span> <span class='ocrx_word' id='word_1_219' title='bbox 1093 2815 1258 2903; x_wconf 86' lang='lat' dir='ltr'><em>milliaria,</em></span> <span class='ocrx_word' id='word_1_220' title='bbox 1276 2834 1307 2883; x_wconf 87' lang='lat' dir='ltr'><em>ee</em></span> <span class='ocrx_word' id='word_1_221' title='bbox 1323 2809 1492 2888; x_wconf 83' lang='lat' dir='ltr'><em>dimidium</em></span> <span class='ocrx_word' id='word_1_222' title='bbox 1513 2826 1603 2889; x_wconf 82' lang='lat' dir='ltr'><em>irrora</em></span> <span class='ocrx_word' id='word_1_223' title='bbox 1620 2820 1810 2908; x_wconf 72' lang='lat' dir='ltr'><em>Ciuiraeem„</em></span> 
     </span>
     <span class='ocr_line' id='line_1_24' title="bbox 614 2910 1833 3014; baseline 0 -26"><span class='ocrx_word' id='word_1_224' title='bbox 614 2943 696 3014; x_wconf 73' lang='lat' dir='ltr'><em>quoe</em></span> <span class='ocrx_word' id='word_1_225' title='bbox 711 2914 808 2987; x_wconf 85' lang='lat' dir='ltr'><em>valde</em></span> <span class='ocrx_word' id='word_1_226' title='bbox 823 2937 935 3003; x_wconf 85' lang='lat' dir='ltr'><em>magno</em></span> <span class='ocrx_word' id='word_1_227' title='bbox 951 2910 1010 3003; x_wconf 84' lang='lat' dir='ltr'><em>est,</em></span> <span class='ocrx_word' id='word_1_228' title='bbox 1027 2933 1059 2980; x_wconf 85' lang='lat' dir='ltr'><em>et</em></span> <span class='ocrx_word' id='word_1_229' title='bbox 1071 2932 1186 3005; x_wconf 90' lang='lat' dir='ltr'><em>pueros</em></span> <span class='ocrx_word' id='word_1_230' title='bbox 1202 2914 1300 3003; x_wconf 80' lang='lat' dir='ltr'><em>diuifi</em></span> <span class='ocrx_word' id='word_1_231' title='bbox 1326 2936 1357 2983; x_wconf 86' lang='lat' dir='ltr'><em>ee</em></span> <span class='ocrx_word' id='word_1_232' title='bbox 1369 2916 1477 3010; x_wconf 86' lang='lat' dir='ltr'><em>posui,</em></span> <span class='ocrx_word' id='word_1_233' title='bbox 1496 2936 1620 3010; x_wconf 79' lang='lat' dir='ltr'><em>partem</em></span> <span class='ocrx_word' id='word_1_234' title='bbox 1637 2924 1671 2990; x_wconf 92' lang='lat' dir='ltr'><em>in</em></span> <span class='ocrx_word' id='word_1_235' title='bbox 1683 2923 1833 3013; x_wconf 80' lang='lat' dir='ltr'><em>prima„</em></span> 
     </span>
     <span class='ocr_line' id='line_1_25' title="bbox 608 3005 1814 3110; baseline -0.002 -26"><span class='ocrx_word' id='word_1_236' title='bbox 608 3034 733 3110; x_wconf 84' lang='lat' dir='ltr'><em>partem</em></span> <span class='ocrx_word' id='word_1_237' title='bbox 750 3018 785 3078; x_wconf 92' lang='lat' dir='ltr'><em>in</em></span> <span class='ocrx_word' id='word_1_238' title='bbox 795 3005 934 3099; x_wconf 69' lang='lat' dir='ltr'><em>secema</em></span> <span class='ocrx_word' id='word_1_239' title='bbox 949 3006 1111 3097; x_wconf 74' lang='lat' dir='ltr'><em>constitui,</em></span> <span class='ocrx_word' id='word_1_240' title='bbox 1126 3009 1300 3096; x_wconf 83' lang='lat' dir='ltr'><em>etfacinne</em></span> <span class='ocrx_word' id='word_1_241' title='bbox 1314 3009 1444 3101; x_wconf 84' lang='lat' dir='ltr'><em>officium</em></span> <span class='ocrx_word' id='word_1_242' title='bbox 1453 3016 1556 3104; x_wconf 84' lang='lat' dir='ltr'><em>perse</em></span> <span class='ocrx_word' id='word_1_243' title='bbox 1572 3015 1661 3109; x_wconf 79' lang='lat' dir='ltr'><em>ipfiss.</em></span> <span class='ocrx_word' id='word_1_244' title='bbox 1698 3011 1764 3085; x_wconf 91' lang='lat' dir='ltr'><em>Sed</em></span> <span class='ocrx_word' id='word_1_245' title='bbox 1779 3038 1814 3104; x_wconf 76' lang='lat' dir='ltr'><em>e·</em></span> 
     </span>
     <span class='ocr_line' id='line_1_26' title="bbox 610 3099 1816 3213; baseline -0.003 -30"><span class='ocrx_word' id='word_1_246' title='bbox 610 3135 652 3207; x_wconf 75' lang='lat' dir='ltr'><em>go</em></span> <span class='ocrx_word' id='word_1_247' title='bbox 662 3106 931 3203; x_wconf 78' lang='lat' dir='ltr'><em>ficneCopellanns</em></span> <span class='ocrx_word' id='word_1_248' title='bbox 943 3120 1002 3197; x_wconf 86' lang='lat' dir='ltr'><em>per</em></span> <span class='ocrx_word' id='word_1_249' title='bbox 1019 3099 1228 3175; x_wconf 78' lang='lat' dir='ltr'><em>hebdomadas</em></span> <span class='ocrx_word' id='word_1_250' title='bbox 1250 3104 1365 3177; x_wconf 85' lang='lat' dir='ltr'><em>celebra</em></span> <span class='ocrx_word' id='word_1_251' title='bbox 1382 3114 1418 3179; x_wconf 92' lang='lat' dir='ltr'><em>in</em></span> <span class='ocrx_word' id='word_1_252' title='bbox 1435 3130 1590 3209; x_wconf 78' lang='lat' dir='ltr'><em>veraque,</em></span> <span class='ocrx_word' id='word_1_253' title='bbox 1631 3118 1705 3213; x_wconf 81' lang='lat' dir='ltr'><em>quia</em></span> <span class='ocrx_word' id='word_1_254' title='bbox 1729 3119 1816 3181; x_wconf 87' lang='lat' dir='ltr'><em>ineer</em></span> 
     </span>
    </p>
   </div>
   <div class='ocr_carea' id='block_1_6' title="bbox 616 3199 1963 3303">
    <p class='ocr_par' dir='ltr' id='par_1_6' title="bbox 616 3199 1963 3303">
     <span class='ocr_line' id='line_1_27' title="bbox 616 3199 1963 3303; baseline 0 -25"><span class='ocrx_word' id='word_1_255' title='bbox 616 3215 672 3281; x_wconf 84' lang='lat' dir='ltr'><em>bas</em></span> <span class='ocrx_word' id='word_1_256' title='bbox 686 3229 801 3303; x_wconf 82' lang='lat' dir='ltr'><em>pueros</em></span> <span class='ocrx_word' id='word_1_257' title='bbox 817 3199 962 3292; x_wconf 82' lang='lat' dir='ltr'><em>nansnne</em></span> <span class='ocrx_word' id='word_1_258' title='bbox 976 3200 1169 3277; x_wconf 78' lang='lat' dir='ltr'><em>Sacerdotes.</em></span> <span class='ocrx_word' id='word_1_259' title='bbox 1232 3208 1285 3277; x_wconf 94' lang='lat' dir='ltr'><em>De</em></span> <span class='ocrx_word' id='word_1_260' title='bbox 1298 3209 1472 3301; x_wconf 79' lang='lat' dir='ltr'><em>regionibus</em></span> <span class='ocrx_word' id='word_1_261' title='bbox 1495 3212 1709 3283; x_wconf 79' lang='lat' dir='ltr'><em>Orientalibus</em></span> <span class='ocrx_word' id='word_1_262' title='bbox 1723 3204 1815 3280; x_wconf 84' lang='lat' dir='ltr'><em>nobis</em></span> <span class='ocrx_word' id='word_1_263' title='bbox 1959 3254 1963 3262; x_wconf 90' lang='lat'><em>·</em></span> 
     </span>
    </p>
   </div>
   <div class='ocr_carea' id='block_1_7' title="bbox 609 3296 1839 3999">
    <p class='ocr_par' dir='ltr' id='par_1_7' title="bbox 609 3296 1839 3999">
     <span class='ocr_line' id='line_1_28' title="bbox 609 3296 1839 3403; baseline 0.002 -28"><span class='ocrx_word' id='word_1_264' title='bbox 609 3303 768 3402; x_wconf 81' lang='lat' dir='ltr'><em>fignifico,</em></span> <span class='ocrx_word' id='word_1_265' title='bbox 801 3317 834 3369; x_wconf 83' lang='lat' dir='ltr'><em>et</em></span> <span class='ocrx_word' id='word_1_266' title='bbox 843 3306 1009 3394; x_wconf 84' lang='lat' dir='ltr'><em>praecipue</em></span> <span class='ocrx_word' id='word_1_267' title='bbox 1022 3296 1201 3397; x_wconf 87' lang='lat' dir='ltr'><em>delmperia</em></span> <span class='ocrx_word' id='word_1_268' title='bbox 1219 3307 1350 3375; x_wconf 86' lang='lat' dir='ltr'><em>Domini</em></span> <span class='ocrx_word' id='word_1_269' title='bbox 1366 3309 1511 3394; x_wconf 82' lang='lat' dir='ltr'><em>Cbar&#39;nis,</em></span> <span class='ocrx_word' id='word_1_270' title='bbox 1545 3308 1632 3403; x_wconf 85' lang='lat' dir='ltr'><em>quad</em></span> <span class='ocrx_word' id='word_1_271' title='bbox 1649 3333 1710 3377; x_wconf 90' lang='lat' dir='ltr'><em>non</em></span> <span class='ocrx_word' id='word_1_272' title='bbox 1722 3308 1765 3396; x_wconf 78' lang='lat' dir='ltr'><em>fia</em></span> <span class='ocrx_word' id='word_1_273' title='bbox 1781 3303 1839 3378; x_wconf 64' lang='lat' dir='ltr'><em>ee*</em></span> 
     </span>
     <span class='ocr_line' id='line_1_29' title="bbox 617 3395 1815 3493; baseline 0.001 -19"><span class='ocrx_word' id='word_1_274' title='bbox 617 3412 721 3476; x_wconf 87' lang='lat' dir='ltr'><em>maius</em></span> <span class='ocrx_word' id='word_1_275' title='bbox 736 3409 770 3471; x_wconf 89' lang='lat' dir='ltr'><em>in</em></span> <span class='ocrx_word' id='word_1_276' title='bbox 784 3395 922 3474; x_wconf 76' lang='lat' dir='ltr'><em>mundae</em></span> <span class='ocrx_word' id='word_1_277' title='bbox 948 3416 981 3466; x_wconf 82' lang='lat' dir='ltr'><em>ee</em></span> <span class='ocrx_word' id='word_1_278' title='bbox 995 3421 1047 3491; x_wconf 85' lang='lat' dir='ltr'><em>ego</em></span> <span class='ocrx_word' id='word_1_279' title='bbox 1064 3398 1158 3470; x_wconf 86' lang='lat' dir='ltr'><em>babeo</em></span> <span class='ocrx_word' id='word_1_280' title='bbox 1173 3409 1208 3471; x_wconf 92' lang='lat' dir='ltr'><em>in</em></span> <span class='ocrx_word' id='word_1_281' title='bbox 1224 3400 1380 3493; x_wconf 80' lang='lat' dir='ltr'><em>ouriasua</em></span> <span class='ocrx_word' id='word_1_282' title='bbox 1395 3405 1514 3492; x_wconf 89' lang='lat' dir='ltr'><em>locum,</em></span> <span class='ocrx_word' id='word_1_283' title='bbox 1535 3426 1568 3476; x_wconf 85' lang='lat' dir='ltr'><em>ee</em></span> <span class='ocrx_word' id='word_1_284' title='bbox 1581 3405 1670 3478; x_wconf 80' lang='lat' dir='ltr'><em>niam</em></span> <span class='ocrx_word' id='word_1_285' title='bbox 1686 3403 1815 3477; x_wconf 86' lang='lat' dir='ltr'><em>ordina·</em></span> 
     </span>
     <span class='ocr_line' id='line_1_30' title="bbox 616 3493 1816 3604; baseline 0.001 -28"><span class='ocrx_word' id='word_1_286' title='bbox 616 3512 699 3577; x_wconf 87' lang='lat' dir='ltr'><em>rians</em></span> <span class='ocrx_word' id='word_1_287' title='bbox 715 3496 863 3572; x_wconf 83' lang='lat' dir='ltr'><em>intrandi</em></span> <span class='ocrx_word' id='word_1_288' title='bbox 891 3518 924 3567; x_wconf 87' lang='lat' dir='ltr'><em>ee</em></span> <span class='ocrx_word' id='word_1_289' title='bbox 936 3493 1073 3589; x_wconf 82' lang='lat' dir='ltr'><em>sedendi</em></span> <span class='ocrx_word' id='word_1_290' title='bbox 1088 3498 1169 3592; x_wconf 77' lang='lat' dir='ltr'><em>stoue</em></span> <span class='ocrx_word' id='word_1_291' title='bbox 1186 3504 1322 3596; x_wconf 75' lang='lat' dir='ltr'><em>Legatos</em></span> <span class='ocrx_word' id='word_1_292' title='bbox 1336 3502 1468 3575; x_wconf 87' lang='lat' dir='ltr'><em>Domini</em></span> <span class='ocrx_word' id='word_1_293' title='bbox 1484 3506 1606 3604; x_wconf 84' lang='lat' dir='ltr'><em>Papae,</em></span> <span class='ocrx_word' id='word_1_294' title='bbox 1632 3527 1665 3577; x_wconf 84' lang='lat' dir='ltr'><em>es</em></span> <span class='ocrx_word' id='word_1_295' title='bbox 1682 3505 1816 3583; x_wconf 66' lang='lat' dir='ltr'><em>honorae</em></span> 
     </span>
     <span class='ocr_line' id='line_1_31' title="bbox 615 3598 1818 3704; baseline 0.006 -27"><span class='ocrx_word' id='word_1_296' title='bbox 615 3629 665 3677; x_wconf 92' lang='lat' dir='ltr'><em>me</em></span> <span class='ocrx_word' id='word_1_297' title='bbox 671 3600 769 3701; x_wconf 75' lang='lat' dir='ltr'><em>super</em></span> <span class='ocrx_word' id='word_1_298' title='bbox 783 3624 888 3672; x_wconf 89' lang='lat' dir='ltr'><em>omnes</em></span> <span class='ocrx_word' id='word_1_299' title='bbox 903 3598 984 3669; x_wconf 90' lang='lat' dir='ltr'><em>alios</em></span> <span class='ocrx_word' id='word_1_300' title='bbox 1001 3601 1184 3693; x_wconf 87' lang='lat' dir='ltr'><em>Praelaeas,</em></span> <span class='ocrx_word' id='word_1_301' title='bbox 1208 3627 1400 3704; x_wconf 83' lang='lat' dir='ltr'><em>quocumque</em></span> <span class='ocrx_word' id='word_1_302' title='bbox 1412 3613 1536 3679; x_wconf 90' lang='lat' dir='ltr'><em>nomine</em></span> <span class='ocrx_word' id='word_1_303' title='bbox 1552 3604 1741 3701; x_wconf 67' lang='lat' dir='ltr'><em>censemini.</em></span> <span class='ocrx_word' id='word_1_304' title='bbox 1768 3603 1818 3684; x_wconf 74' lang='lat' dir='ltr'><em>Et.</em></span> 
     </span>
     <span class='ocr_line' id='line_1_32' title="bbox 614 3699 1818 3807; baseline 0.001 -30"><span class='ocrx_word' id='word_1_305' title='bbox 614 3707 690 3778; x_wconf 80' lang='lat' dir='ltr'><em>lieet</em></span> <span class='ocrx_word' id='word_1_306' title='bbox 711 3699 774 3803; x_wconf 86' lang='lat' dir='ltr'><em>ipss</em></span> <span class='ocrx_word' id='word_1_307' title='bbox 790 3704 946 3774; x_wconf 84' lang='lat' dir='ltr'><em>Dominus</em></span> <span class='ocrx_word' id='word_1_308' title='bbox 963 3701 1221 3784; x_wconf 69' lang='lat' dir='ltr'><em>Cbarnfaudierie</em></span> <span class='ocrx_word' id='word_1_309' title='bbox 1237 3705 1339 3777; x_wconf 87' lang='lat' dir='ltr'><em>multa</em></span> <span class='ocrx_word' id='word_1_310' title='bbox 1359 3704 1400 3778; x_wconf 92' lang='lat' dir='ltr'><em>de</em></span> <span class='ocrx_word' id='word_1_311' title='bbox 1417 3713 1505 3779; x_wconf 88' lang='lat' dir='ltr'><em>curia</em></span> <span class='ocrx_word' id='word_1_312' title='bbox 1528 3710 1689 3800; x_wconf 83' lang='lat' dir='ltr'><em>Romana,</em></span> <span class='ocrx_word' id='word_1_313' title='bbox 1705 3729 1737 3780; x_wconf 87' lang='lat' dir='ltr'><em>ee</em></span> <span class='ocrx_word' id='word_1_314' title='bbox 1750 3705 1818 3807; x_wconf 71' lang='lat' dir='ltr'><em>sta·</em></span> 
     </span>
     <span class='ocr_line' id='line_1_33' title="bbox 615 3791 1822 3892; baseline 0.007 -17"><span class='ocrx_word' id='word_1_315' title='bbox 615 3824 654 3875; x_wconf 83' lang='lat' dir='ltr'><em>eu</em></span> <span class='ocrx_word' id='word_1_316' title='bbox 668 3807 877 3892; x_wconf 79' lang='lat' dir='ltr'><em>Latinorum,</em></span> <span class='ocrx_word' id='word_1_317' title='bbox 919 3798 1074 3886; x_wconf 77' lang='lat' dir='ltr'><em>defiderae</em></span> <span class='ocrx_word' id='word_1_318' title='bbox 1097 3823 1203 3875; x_wconf 84' lang='lat' dir='ltr'><em>tamen</em></span> <span class='ocrx_word' id='word_1_319' title='bbox 1220 3806 1356 3877; x_wconf 85' lang='lat' dir='ltr'><em>mulsum</em></span> <span class='ocrx_word' id='word_1_320' title='bbox 1371 3805 1483 3879; x_wconf 78' lang='lat' dir='ltr'><em>uidere</em></span> <span class='ocrx_word' id='word_1_321' title='bbox 1499 3813 1629 3880; x_wconf 88' lang='lat' dir='ltr'><em>nuncios</em></span> <span class='ocrx_word' id='word_1_322' title='bbox 1651 3791 1822 3884; x_wconf 75' lang='lat' dir='ltr'><em>uenientes.</em></span> 
     </span>
     <span class='ocr_line' id='line_1_34' title="bbox 609 3896 1817 3999; baseline 0.002 -24"><span class='ocrx_word' id='word_1_323' title='bbox 609 3901 650 3975; x_wconf 89' lang='lat' dir='ltr'><em>de</em></span> <span class='ocrx_word' id='word_1_324' title='bbox 653 3903 800 3999; x_wconf 72' lang='lat' dir='ltr'><em>parribus</em></span> <span class='ocrx_word' id='word_1_325' title='bbox 807 3898 919 3976; x_wconf 79' lang='lat' dir='ltr'><em>illian</em></span> <span class='ocrx_word' id='word_1_326' title='bbox 928 3896 992 3995; x_wconf 67' lang='lat' dir='ltr'><em>ostis</em></span> <span class='ocrx_word' id='word_1_327' title='bbox 995 3900 1221 3999; x_wconf 79' lang='lat' dir='ltr'><em>partibussune</em></span> <span class='ocrx_word' id='word_1_328' title='bbox 1230 3900 1453 3998; x_wconf 76' lang='lat' dir='ltr'><em>mnleaefii‘lae</em></span> <span class='ocrx_word' id='word_1_329' title='bbox 1460 3905 1699 3983; x_wconf 79' lang='lat' dir='ltr'><em>idololatrarum</em></span> <span class='ocrx_word' id='word_1_330' title='bbox 1706 3910 1817 3982; x_wconf 75' lang='lat' dir='ltr'><em>diuer-</em></span> 
     </span>
    </p>
   </div>
   <div class='ocr_carea' id='block_1_8' title="bbox 599 4000 1811 4125">
    <p class='ocr_par' dir='ltr' id='par_1_8' title="bbox 599 4000 1811 4125">
     <span class='ocr_line' id='line_1_35' title="bbox 599 4000 1811 4125; baseline 0.003 -50"><span class='ocrx_word' id='word_1_331' title='bbox 599 4002 642 4098; x_wconf 78' lang='grc' dir='ltr'><em>[α</em></span> <span class='ocrx_word' id='word_1_332' title='bbox 650 4000 967 4098; x_wconf 64' lang='lat' dir='ltr'><em>cridintunensem</em></span> <span class='ocrx_word' id='word_1_333' title='bbox 979 4000 1074 4077; x_wconf 81' lang='lat' dir='ltr'><em>nain</em></span> <span class='ocrx_word' id='word_1_334' title='bbox 1082 4003 1232 4102; x_wconf 78' lang='lat' dir='ltr'><em>Religiosi</em></span> <span class='ocrx_word' id='word_1_335' title='bbox 1234 4002 1275 4078; x_wconf 85' lang='lat' dir='ltr'><em>de</em></span> <span class='ocrx_word' id='word_1_336' title='bbox 1290 4001 1522 4118; x_wconf 73' lang='lat' dir='ltr'><em>diuerstrseblis</em></span> <span class='ocrx_word' id='word_1_337' title='bbox 1533 4004 1811 4125; x_wconf 72' lang='lat' dir='ltr'><em>dimrfhslsabiesas</em></span> 
     </span>
    </p>
   </div>
   <div class='ocr_carea' id='block_1_9' title="bbox 0 0 2461 5200">
    <p class='ocr_par' dir='ltr' id='par_1_9' title="bbox 0 0 2461 5200">
     <span class='ocr_line' id='line_1_36' title="bbox 0 0 2461 5200; baseline 0 0"><span class='ocrx_word' id='word_1_338' title='bbox 0 0 2461 5200; x_wconf 95' lang='lat' dir='ltr'><em> </em></span> 
     </span>
    </p>
   </div>
   <div class='ocr_carea' id='block_1_10' title="bbox 1760 4111 1946 4217">
    <p class='ocr_par' dir='ltr' id='par_1_10' title="bbox 1760 4111 1946 4217">
     <span class='ocr_line' id='line_1_37' title="bbox 1760 4111 1946 4217; baseline -0.005 -80"><span class='ocrx_word' id='word_1_339' title='bbox 1760 4111 1946 4217; x_wconf 33' lang='grc' dir='ltr'><em>ω,</em></span> 
     </span>
    </p>
   </div>
  </div>
 </body>
</html>
