4859 5200
1195 625 1509 730 ‹sorbuit-

747 776 812 848 bari
821 831 832 867 ,
848 797 888 847 ert
904 764 959 845 bot
973 774 1087 872 otique
1096 762 1192 864 sablo
1219 765 1324 869 (quod
1339 793 1403 845 non
1422 775 1504 841 iaris
1522 762 1751 870 offellumsed
1759 766 1859 862 solam
1868 771 1961 843 Crto⁴

746 884 832 948 utris
859 882 910 947 tui
936 873 1154 946 contumeliam
1180 872 1370 964 continebit)
1387 869 1519 965 foederi
1535 876 1647 969 pacis,
1681 892 1739 942 ant
1758 868 1963 969 pellionibus

748 973 866 1050 mediis
879 977 966 1049 nibil
976 980 1144 1072 proueniet
1160 972 1352 1069 firmitatis:
1372 973 1459 1068 etſso
1475 997 1545 1043 cnm
1564 973 1687 1066 normifi
1703 979 1739 1042 in
1756 975 1891 1044 Domim
1908 973 1965 1044 leot

751 1078 932 1174 'Chrisliano
945 1072 1115 1174 permittat¹
1130 1075 1245 1148 nubere
1264 1073 1459 1171 Chrisliarto,
1478 1073 1574 1169 filius
1589 1072 1730 1168 velslia
1748 1080 1804 1145 tuit
1822 1099 1891 1157 tum
1910 1082 1962 1145 ist·

746 1178 842 1276 fideli
856 1204 975 1266 uxore,
1002 1178 1060 1248 vel
1077 1185 1149 1247 vira
1167 1175 1387 1247 execrabilium
1410 1184 1595 1273 nuptiarum
1621 1174 1762 1268 infame,
1788 1201 1824 1245 ac
1846 1181 1963 1271 captio·

747 1282 821 1377 sum
846 1280 1082 1351 contubernium
1103 1277 1294 1368 sortiretur,
1316 1297 1348 1347 et
1361 1276 1486 1374 peribit·
1508 1272 1726 1374 prohdolor!
1760 1284 1795 1347 in
1821 1274 1963 1368 obscoene

756 1383 956 1457 adnltt'rerini
969 1383 1058 1451 ¹t'ltori
1082 1377 1252 1449 volutabro
1280 1376 1416 1471 lugenda
1439 1402 1477 1448 -eo
1508 1399 1645 1474 tempore
1662 1375 1786 1471 soboles
1808 1383 1964 1475 principis

750 1482 937 1581 christiani.
997 1482 1157 1555 Execrar'e
1182 1502 1252 1573 ergo
1272 1500 1482 1554 cesoma
1505 1481 1637 1550 Domini
1651 1503 1881 1577 quaecumque,
1905 1477 1965 1549 ubi

755 1587 801 1660 ad
814 1590 1033 1682 improperium
1053 1606 1145 1658 cette
1157 1603 1170 1654 1
1181 1604 1195 1653 s
1205 1608 1231 1654 r
1243 1607 1256 1652 t
1270 1588 1323 1651 tni
1339 1578 1502 1676 aperfidis
1517 1578 1686 1675 Chrestiani
1711 1588 1848 1651 nominis
1871 1578 1967 1676 besli-

750 1688 814 1760 bus
825 1705 1063 1782 proponuntur,
1083 1704 1118 1752 et
1125 1683 1214 1778 steros
1231 1689 1266 1752 in
1287 1679 1428 1776 iustitio,
1454 1705 1535 1779 quae
1551 1681 1676 1752 roborat
1700 1684 1831 1751 tbronos
1847 1705 1964 1774 regum,

752 1793 954 1860 'inimieorum
978 1791 1126 1876 impetum
1144 1807 1205 1852 non
1227 1790 1275 1850 ita
1288 1778 1470 1873 formides,
1503 1788 1582 1878 quin
1605 1785 1833 1852 Deitimorem
1859 1805 1966 1851 eornm

751 1892 857 1959 metui
874 1901 1065 1978 anteponas,
1093 1900 1125 1949 et
1136 1879 1334 1972 fortitudini
1348 1884 1510 1950 bominum
1527 1879 1647 1950 iudices
1662 1879 1808 1950 diuinam
1822 1888 1966 1974 potenti-

755 2012 807 2065 aor
818 1981 1071 2083 praeferendam.
1123 1982 1206 2049 Non
1223 1987 1306 2049 enim
1323 1979 1448 2050 credere
1467 1978 1578 2068 debes,
1594 2001 1626 2050 te
1641 1987 1728 2050 inter
1744 1982 1964 2050 ceterostri·

750 2088 872 2188 fliattos
891 2087 988 2179 Reges
1005 2090 1041 2155 in
1062 2084 1118 2152 boa
1132 2078 1312 2173 discrimine
1329 2078 1507 2176 caelestibus
1529 2082 1683 2168 auxiliis,
1721 2081 1872 2175 Ecolefioe
1885 2079 1963 2172 suf·

746 2189 874 2285 fragiis
889 2187 1085 2283 aliorumque
1108 2179 1351 2252 orthodoxorum
1365 2188 1563 2278 principum,
1579 2180 1764 2275 etfidelinm
1776 2183 1964 2278 populorum

752 2290 883 2364 viribus
900 2282 1120 2381 deserendam,
1140 2307 1209 2354 cum
1231 2288 1338 2353 nonin
1352 2280 1519 2374 testium,
1539 2281 1598 2374 sed
1611 2290 1649 2352 in
1666 2281 1849 2374 uniuersum
1862 2308 1964 2376 genus

757 2396 929 2465 humanum
940 2407 1068 2485 propter
1078 2405 1206 2483 peccata
1216 2384 1427 2480 plurimorum
1447 2390 1614 2454 imminens
1631 2383 1850 2454 tribulationis
1875 2383 1964 2456 iudi·

751 2504 840 2569 oinm
858 2498 1025 2565 excitetur.
1078 2491 1148 2559 Scis
1165 2495 1267 2573 enim,
1287 2509 1303 2554 o
1312 2482 1441 2582 piiffirne
1459 2486 1549 2570 Rex,
1575 2492 1652 2581 quia
1668 2486 1775 2570 Deus,
1804 2486 1860 2578 etſs
1873 2484 1964 2575 mise.

746 2605 846 2671 'rator
857 2595 900 2691 st
917 2604 1014 2690 atque
1036 2586 1230 2680 misericors,
1257 2582 1298 2680 tsl
1322 2605 1427 2655 tamen
1438 2583 1544 2675 sortis
1563 2606 1596 2654 et
1614 2607 1747 2681 potens,
1769 2584 1804 2656 di
1824 2585 1961 2661 imulans

756 2695 919 2773 interdum
944 2687 1205 2785 misericorditer,
1237 2685 1319 2777 scut
1343 2686 1475 2755 clemens
1497 2707 1624 2781 peccata
1649 2691 1810 2759 bominum
1832 2710 1962 2788 proptor

751 2802 981 2895 poenitentiam
992 2786 1214 2881 sentinosam,
1241 2784 1403 2856 interdum
1425 2802 1572 2881 potenter
1588 2789 1739 2882 vifitans,
1757 2790 1843 2883 scut
1867 2790 1962 2888 insitor

759 2890 1026 2982 animaduersione
1042 2884 1231 2990 uindiiiae,
1254 2910 1292 2954 ne
1300 2885 1423 2981 semper
1439 2886 1526 2957 dicat
1550 2895 1584 2957 in
1601 2888 1693 2959 corde
1707 2889 1768 2981 sno
1797 2894 1963 2989 inspiens:

759 2998 842 3068 Non
859 2990 899 3088 esl
921 2989 1027 3068 Deus.
1078 2984 1137 3058 Ad
1151 2989 1207 3055 boo
1226 2993 1308 3056 errisn
1326 2991 1548 3060 imittuntur
1574 2989 1650 3084 insto
1678 2995 1742 3062 Dei
1758 3003 1964 3090 permittente

756 3094 896 3182 iuditio,
918 3089 1106 3187 boslilitates
1122 3109 1153 3158 et
1163 3085 1288 3179 sames,
1316 3108 1348 3157 et
1366 3088 1490 3159 clades:
1514 3088 1560 3162 ad
1582 3093 1639 3162 hoc
1657 3119 1736 3187 gens
1763 3101 1798 3165 in
1818 3116 1962 3189 gentem,

754 3220 792 3274 ot
807 3219 935 3293 regnum
951 3197 1129 3264 concitatur
1146 3196 1182 3258 in
1198 3213 1347 3283 regnum:
1372 3189 1416 3260 od
1430 3194 1486 3263 boc
1502 3190 1678 3286 seditiones
1702 3217 1734 3265 et
1754 3197 1831 3266 bebo
1854 3197 1964 3267 ciuilia

649 3383 652 3390 ,
751 3316 1001 3374 tommonentnr.
1057 3295 1145 3392 Haec
1161 3298 1277 3389 otique
1294 3291 1378 3362 mala
1398 3291 1480 3389 quid
1497 3291 1591 3366 aliud
1605 3294 1702 3387 soant,
1728 3298 1788 3390 niſs
1810 3295 1963 3397 quaedam

751 3398 910 3503 stipendio
919 3416 1117 3496 peccatorum
1132 3399 1371 3490 praecurrentia
1378 3393 1481 3487 finale
1499 3395 1674 3486 iudicium,
1700 3419 1732 3469 et
1754 3399 1966 3495 minisirantio
2053 3435 2065 3448 ·

754 3511 866 3602 impiis
880 3508 1021 3597 primum
1033 3494 1156 3591 gnslnm
1174 3493 1392 3564 damnationis
1406 3516 1571 3567 aeternae:
1591 3505 1657 3592 piis
1675 3523 1750 3569 vero
1757 3499 1964 3595 significatio·

756 3630 828 3681 nem
838 3599 1050 3700 praeslantia,
1078 3615 1119 3665 vt
1132 3592 1268 3686 fugiant
1282 3622 1301 3664 a
1312 3593 1404 3684 socie
1427 3621 1520 3665 artus
1544 3617 1718 3668 extremum
1740 3622 1964 3699 aeternumque

748 3704 929 3807 pericnlum
941 3696 1198 3772 'comminantiri
1250 3692 1348 3786 Quid
1360 3702 1494 3783 mirum,
1508 3694 1561 3787 fili
1573 3753 1583 3785 ,
1590 3698 1625 3792 ſs
1639 3700 1880 3774 tribulationum
1887 3728 1964 3798 gra·

756 3812 852 3879 nium
867 3797 1076 3885 increbescunt
1093 3817 1281 3882 aerumnae,
1306 3817 1374 3864 tum
1392 3793 1608 3891 refrigescente
1632 3801 1788 3872 ebaritate
1808 3810 1967 3902 iniquitas

711 3928 714 3936 ·
757 3897 960 3993 madescat?
1009 3899 1090 3970 Este
1114 3905 1177 3967 iam
1205 3902 1240 3965 in
1257 3896 1377 3966 coelum
1402 3896 1594 3989 ascendunt,
1628 3922 1660 3971 et
1683 3925 1877 3974 commouent
1900 3908 1967 3978 elo-

752 4005 897 4082 moribur
912 4001 1021 4071 zeton
1038 4005 1106 4068 eius
1121 4000 1281 4069 hominum
1297 4003 1442 4093 impietas
1459 4026 1531 4096 erga
1560 4004 1683 4093 Deum,
1706 4003 1870 4077 indeuotio
1894 4034 1968 4104 erga

742 4106 883 4210 sanila,
913 4096 1127 4179 inobedientia
1156 4123 1229 4194 erga
1237 4117 1367 4196 potres,
1389 4098 1568 4195 infidelitas
1582 4126 1653 4200 ergo
1677 4101 1844 4196 danaos,
1859 4113 1965 4182 initu·

748 4253 754 4262 ·
800 4233 825 4245 ““
1824 4230 1968 4284 munstur
