4859 5200
1185 640 1437 742 ·⁴e)156'(
1463 649 1521 722 b

750 773 886 877 Ecclefia
903 796 1005 850 mater
1029 768 1211 848 tunllorum
1244 796 1446 849 enarrat
1473 768 1622 868 fidelium
1634 791 1671 843 'et
1690 754 1833 872 meppia
1849 773 1967 868 docet,

745 880 927 982 praelicat,
943 898 1038 975 atque
1053 871 1178 950 creditr-
1204 895 1297 946 extra
1315 898 1410 972 quam
1424 896 1486 945 non
1502 872 1542 970 tfl
1556 881 1685 970 penitus
1704 875 1769 946 ulla
1776 875 1890 968 salut:
1907 899 1969 974 per

751 981 839 1079 iflom
855 988 1002 1051 innocens
1018 976 1126 1046 lanima
1144 971 1340 1068 Christiana,
1369 998 1463 1071 quarn
1481 972 1557 1065 fore
1577 975 1787 1071 pretiofiorem
1810 985 1973 1073 corrupti·

754 1083 813 1153 lili
831 1101 952 1176 corpote
963 1094 1146 1174 perpetuam
1162 1074 1339 1166 ambiguum
1354 1096 1417 1145 non
1434 1071 1557 1168 totilla,
1582 1081 1666 1144 inter
1692 1082 1817 1169 agmina
1842 1077 1971 1147 coloca-

760 1202 817 1252 tur
837 1186 953 1251 ciuium
979 1178 1174 1252 coelicorum.
1217 1173 1296 1244 Cum
1305 1198 1373 1268 ergo
1380 1173 1427 1266 fit
1437 1171 1601 1265 tltefiturut
1609 1174 1861 1270 incomparabilis
1872 1196 1975 1271 prae.

758 1288 859 1353 arium
882 1280 1061 1361 beatorum,
1082 1272 1173 1365 felix
1201 1281 1260 1370 qui
1277 1294 1336 1368 per
1370 1273 1555 1368 temporalia
1589 1273 1637 1370 fic
1665 1273 1852 1369 pertranſst‚
1885 1274 1978 1371 quod

762 1398 909 1453 aeternae
919 1376 1096 1470 felicitatis
1111 1374 1258 1443 bronium
1277 1368 1477 1469 affequaturt
1504 1376 1561 1442 hot
1580 1371 1736 1469 Quidem
1752 1371 1899 1445 bronium
1912 1393 1974 1471 pet
2059 1370 2068 1384 '

744 1474 980 1577 'susceptionem
1015 1496 1047 1549 et
1070 1472 1328 1566 obseruationem·
1343 1468 1450 1543 difflue
1468 1469 1568 1564 fidei,
1598 1473 1809 1571 bonorumque
1827 1494 1976 1570 operum

760 1588 973 1652 executionem
985 1583 1174 1673 acquiritur.
1226 1572 1273 1644 Et
1288 1579 1436 1669 quamuis
1455 1591 1514 1667 per
1541 1571 1635 1667 ipfius
1650 1571 1733 1667 filei
1758 1573 1863 1642 callem
1889 1571 1975 1644 telle

761 1677 904 1752 incedere
915 1675 1040 1772 difficile
1058 1671 1233 1773 uideatur,
1259 1673 1411 1742 mentalis
1423 1684 1532 1741 tamen
1549 1670 1755 1765 otulur‚'fiele
1770 1670 1835 1767 ipsa
1856 1675 1975 1744 Catlro·

759 1782 824 1850 lica
845 1776 972 1863 mealia,
994 1773 1072 1845 alum
1096 1798 1165 1844 eam
1189 1768 1309 1861 credit,
1358 1767 1612 1841 intelellualittr
1647 1778 1793 1843 intuetur
1824 1770 1973 1849 diuinam

759 1879 1016 1971 omnipotentiam
1040 1892 1072 1940 et
1093 1874 1227 1963 gloriam
1240 1870 1469 1967 fiepernorum¹
1486 1869 1573 1964 ficut
1598 1872 1667 1941 luce
1690 1868 1783 1941 uidet
1809 1873 1973 1942 materiali

757 1998 892 2055 carneus
907 1975 1016 2045 oculus
1030 1967 1196 2069 meliante.
1248 1967 1509 2065 Magnitudinem
1526 1975 1635 2065 itaque
1661 1989 1750 2042 tuam
1769 1990 1893 2041 attente
1919 1995 1970 2041 ro·

754 2099 871 2173 gamus
884 2094 916 2144 et
932 2076 1097 2143 hortamur
1111 2077 1147 2141 itt
1165 2072 1300 2141 Domino
1336 2092 1440 2145 totu
1473 2072 1703 2159 cuiusve,
1734 2091 1891 2168 quatenus
1912 2089 1973 2167 pro

760 2185 831 2249 eiut
848 2178 1026 2250 reuerentia
1051 2172 1239 2259 ethonore,
1265 2162 1323 2268 qul
1346 2190 1379 2240 te
1398 2166 1556 2264 produxit
1585 2168 1629 2239 ael
1650 2165 1725 2263 effe,
1749 2168 1923 2262 conseruat·
1940 2179 1976 2241 in

761 2273 834 2373 effe,
859 2274 980 2372 tibique
996 2278 1165 2369 imperanti
1181 2267 1283 2366 supet
1306 2290 1373 2339 tarn
1393 2265 1582 2362 gloriosum,
1608 2292 1798 2366 quamquam
1825 2270 1975 2362 tranfito·

764 2368 850 2467 ritem
868 2396 900 2445 et
912 2369 1229 2470 pompalefafligium
1238 2368 1371 2461 subiecit
1393 2388 1519 2439 tantam
1543 2388 1659 2439 ettam
1688 2366 1771 2467 diffie
1787 2393 1838 2439 am
1863 2372 1978 2440 multi·

735 2542 739 2549 .
764 2475 912 2573 tullinem
929 2475 1139 2571 populorumt
1159 2469 1354 2566 praelibatos
1384 2467 1656 2563 Arthiepiscopum
1679 2489 1713 2540 et
1730 2469 1879 2560 fratres,
1904 2496 1979 2541 tum

763 2575 811 2649 ael
827 2601 954 2672 regnum
971 2594 1004 2646 et
1017 2593 1136 2645 tetram
1158 2591 1247 2642 tuam
1272 2575 1337 2642 iam
1358 2564 1448 2642 ditia
1470 2588 1563 2639 tuum
1587 2592 1625 2638 ue
1645 2565 1841 2665 ponfpellum
1862 2592 1979 2667 perue-

725 2746 727 2750 .
764 2686 896 2766 nomint,
924 2676 1023 2746 vultu
1048 2672 1160 2767 sereno
1189 2679 1345 2768 recipias,
1371 2691 1405 2740 et
1421 2697 1441 2740 a
1459 2677 1526 2740 tuit
1543 2593 1689 2762 holuit
1722 2677 1817 2765 recipi
1850 2670 1976 2763 iubeat,

643 2771 653 2790 ’
757 2779 879 2872 finceto
896 2797 929 2845 et
945 2772 1103 2864 mansueto
1120 2768 1236 2868 offella
1249 2768 1446 2865 pertrallee,
1476 2791 1508 2838 et
1515 2768 1626 2859 fatias
1640 2767 1855 2864 pertrollari;
1881 2773 1980 2844 hale.

764 2898 865 2969 atque
880 2893 947 2938 tarn
963 2873 1031 2936 ilat
1045 2891 1139 2962 quam
1155 2868 1286 2935 eandem
1311 2868 1479 2956 Ecclefiam
1500 2867 1764 2967 Cambaliensem,
1785 2868 1981 2972 eunllotque

675 2979 677 2983 '
769 2968 962 3067 Christianae
978 2974 1013 3036 in
1031 2990 1123 3059 regna
1139 2986 1174 3034 et
1186 2986 1275 3035 terra
1287 2963 1462 3060 praedillis
1480 2988 1660 3060 manentes,
1687 2996 1743 3041 nec
1758 2996 1820 3044 non
1843 2997 1979 3045 tonuer-

762 3072 839 3169 sos‚
866 3091 922 3161 et,
942 3071 1007 3139 Deo
1019 3073 1177 3162 propitio,
1203 3064 1428 3137 conuertendos
1445 3062 1491 3136 ael
1500 3065 1603 3159 fidem
1623 3069 1752 3141 eandem
1777 3069 1867 3162 iufra
1886 3095 1981 3146 tuum

764 3173 941 3249 dominium
957 3165 1158 3261 constitutos,
1182 3190 1252 3235 cum
1263 3175 1335 3262 piae
1350 3169 1548 3237 humilientis
1565 3167 1733 3242 dulcedine
1762 3172 1908 3268 affluente
1918 3174 1983 3268 fa·

766 3272 956 3348 vorabiliter
972 3265 1221 3343 commendatam
1249 3275 1348 3337 eisin
1366 3272 1427 3354 iis,
1450 3291 1532 3364 quae
1557 3276 1640 3341 circa
1664 3257 1896 3368 suscpienlam
1919 3295 1981 3373 pet

768 3398 819 3467 te,
847 3377 914 3447 Deo
931 3379 1010 3443 uiuo
1031 3390 1064 3439 et
1081 3393 1157 3440 uero
1175 3366 1363 3465 inspirante,
1380 3366 1470 3460 fetori
1484 3367 1681 3463 baptismatis
1690 3380 1849 3463 gratiam,
1865 3377 1982 3468 legem·

767 3501 831 3576 que
858 3498 917 3549 cu
927 3499 950 3546 a
961 3495 997 3545 ts
1008 3496 1072 3558 τι,
1105 3489 1138 3540 et
1156 3472 1222 3539 alia
1238 3490 1312 3539 tuae
1320 3467 1443 3561 salutis
1456 3467 1615 3539 commoda
1629 3470 1785 3542 docuerint
1801 3483 1984 3570 exprimen-

766 3581 829 3666 do,
846 3569 1062 3671 praedicanda
1079 3589 1111 3638 et
1127 3569 1332 3659 rotojalendo,
1359 3570 1527 3660 benignum
1549 3568 1675 3640 aditum
1698 3583 1855 3669 aperiens,
1881 3596 1915 3645 et
1930 3598 1984 3649 at·

768 3697 894 3747 tentum
911 3672 1060 3743 exhibens
1076 3667 1288 3739 intelellum:
1313 3671 1426 3764 illaque
1442 3675 1594 3764 recipiens
1610 3691 1763 3769 tanquam
1788 3672 1908 3747 donum
1928 3677 1984 3750 di·

768 3782 898 3848 vinitus
914 3770 1049 3866 miffum,
1075 3778 1230 3841 tenaciter
1247 3775 1282 3836 in
1301 3769 1420 3837 tabulis
1434 3779 1598 3841 memoriae
1619 3773 1843 3865 rurestribus,
1866 3778 1982 3852 credar

758 3876 924 3974 firmiter,
942 3871 1082 3966 operose,
1108 3870 1268 3965 fideliter,
1286 3890 1319 3937 et
1333 3890 1484 3967 perpetua
1501 3882 1686 3969 exequaris,
1698 3877 1804 3973 fitque
1818 3877 1895 3947 aliis
1913 3890 1984 3952 tuis

761 3976 904 4072 subditis
909 3973 1032 4067 salutis
1047 3974 1225 4067 exemplar,
1248 3992 1289 4040 vt
1306 3995 1373 4043 vna
1402 3994 1502 4041 tecum
1527 3983 1638 4071 tuique
1660 3974 1705 4046 ad
1729 3977 1827 4071 instar
1850 3978 1896 4048 ael
1911 3985 1983 4053 Do·

768 4087 893 4166 minum
917 4092 1164 4167 connotantur,
1188 4070 1372 4170 dillamque
1395 4075 1493 4167 legem
1525 4091 1725 4150 etiarm
1747 4073 1925 4176 suscipiant
1949 4107 1984 4155 at

1878 4181 1984 4274 obser·
