4859 5200
1066 558 1446 739 σεμοῖῌῖ

624 793 853 964 Immaculata
868 817 922 888 Iex
939 817 1088 905 Domini,
1105 841 1201 888 uerae
1221 817 1302 887 lutis
1319 821 1480 887 uenientis
1502 823 1538 888 in
1553 816 1705 892 mttndnm
1730 823 1827 896 oloris

671 915 832 990 irradiata
840 919 1042 1010 fulgoribus,
1059 915 1228 1008 subuersas
1245 914 1351 1008 causas
1367 917 1405 986 ab
1420 917 1577 987 erroribus
1592 939 1624 988 et
1632 923 1826 1017 peccatisfic·

621 1014 763 1089 batharii
780 1018 922 1111 magistro
932 1038 990 1112 per
997 1014 1132 1110 femitas
1149 1014 1252 1087 retias
1270 1014 1428 1110 dirigens,
1452 1035 1493 1085 rot
1508 1014 1549 1086 de
1567 1043 1707 1090 errorum
1733 1031 1823 1097 tanis

619 1116 667 1187 ad
680 1125 769 1186 viam
780 1117 891 1215 pofflnt
910 1114 1014 1187 redire
1025 1116 1170 1212 iustitiae,
1191 1119 1298 1188 bremen
1315 1125 1361 1186 eis
1377 1111 1548 1213 ineffabilis
1560 1125 1713 1188 veritatis
1727 1121 1824 1217 aflect-

619 1213 682 1285 dit.
738 1221 823 1287 Haec
830 1215 988 1315 fiqnidem
1001 1225 1153 1312 primitus
1167 1243 1188 1286 a
1200 1219 1393 1312 patriarchis
1416 1237 1448 1286 et
1459 1220 1621 1313 propbttis
1634 1231 1822 1316 praecogni-

601 1335 676 1408 to,
703 1337 736 1386 et
754 1317 927 1413 apostolicis
938 1316 1130 1414 postmodum
1149 1319 1284 1416 eloquiis
1308 1315 1498 1387 mirabiliter
1521 1315 1707 1413 diuulgata,
1726 1342 1818 1394 tanto

619 1423 721 1509 magis
738 1416 779 1513 'est
799 1421 1090 1512 euangelizantinm
1105 1424 1282 1513 praeconiis
1307 1415 1498 1500 attolenda,
1527 1440 1647 1515 quanto
1663 1447 1703 1490 ex
1725 1421 1819 1520 ipfitcs

613 1517 828 1613 publicatione
843 1516 988 1614 mebiflna
1004 1526 1182 1589 animarum
1192 1511 1360 1608 fruibibns
1377 1516 1543 1610 gratiosius
1548 1516 1730 1617 srsccefflone
1746 1546 1819 1594 con·

618 1623 714 1686 tinne
733 1615 894 1713 prodeunt
910 1617 1102 1708 facultates.
1153 1613 1349 1687 Huiusmodi
1365 1640 1500 1714 namque
1517 1619 1594 1712 legis
1620 1619 1676 1715 etst
1691 1646 1818 1718 praest·
1898 1698 1904 1703 ,
1983 1635 1989 1648 “

617 1717 755 1809 niafint
766 1719 856 1811 longe
872 1719 999 1816 lateque
1011 1713 1127 1814 diffusa
1138 1773 1149 1806 ,
1161 1737 1221 1813 per
1245 1741 1303 1788 nos
1320 1737 1444 1805 tamen,
1471 1725 1529 1813 qui
1547 1721 1640 1788 'trices
1658 1728 1695 1791 in
1718 1731 1816 1794 terris

608 1815 752 1910 lingulas
778 1825 847 1888 eins
863 1840 990 1914 partes,
1008 1816 1105 1912 super
1128 1842 1208 1916 quos
1233 1819 1445 1913 bumilitatem
1470 1814 1623 1910 nostram,
1644 1837 1741 1914 prout
1751 1823 1816 1917 fibi

610 1919 755 2013 placuit,
779 1917 983 2013 praesidentia
1002 1918 1115 1988 diuina
1131 1916 1311 2014 constitnit,
1335 1925 1462 1988 intenta
1468 1915 1676 2008 solicitudine
1700 1930 1815 1993 circui·

613 2040 706 2101 mus3
729 2024 865 2088 occurrit
874 2017 1014 2112 semibus
1027 2016 1160 2115 nostris,
1178 2043 1240 2088 uon
1251 2017 1317 2112 fine
1335 2023 1509 2088 anxietatis
1523 2018 1645 2086 multoe
1656 2019 1814 2115 molestiis,

615 2115 876 2210 quemadmodum
902 2115 1056 2213 quaedam
1078 2124 1242 2186 nationum
1255 2137 1393 2207 gentes,
1424 2114 1579 2184 diabolica
1595 2113 1718 2203 froude
1741 2129 1816 2190 veri

616 2213 905 2283 lrsminirclaritote
917 2223 1082 2308 priuatae,
1107 2221 1141 2281 in
1158 2222 1280 2282 inuium
1293 2211 1493 2307 perdentium
1507 2212 1705 2285 tenebrarum
1721 2217 1814 2310 misen

617 2311 763 2382 rabiliter
779 2311 966 2397 decoctores,
993 2334 1137 2384 11va
1164 2332 1411 2384 euutsrvu
1435 2307 1680 2422 dominum-paon
1703 2341 1813 2412 cogno·

605 2409 734 2503 scunt;
769 2410 914 2510 qnodque
938 2411 1078 2481 nonnuli
1096 2406 1325 2503 subtroilianis
1334 2408 1404 2506 filii
1420 2408 1628 2503 sacrofonbboe
1651 2417 1814 2491 Romam
1855 2472 1859 2479 -

613 2511 751 2607 scelestae
765 2512 977 2583 inobedientes
991 2510 1136 2609 arrisione.
1197 2513 1330 2607 Propter
1352 2509 1439 2610 quod
1453 2531 1596 2583 mouetur
1606 2519 1739 2610 pietatis
1774 2544 1812 2590 a·

613 2635 723 2685 ternae
738 2612 911 2714 compoffio,
937 2621 1037 2685 animi
1053 2610 1148 2711 nostri
1167 2614 1261 2683 zelus
1280 2612 1480 2701 accenditur,
1510 2634 1544 2683 et
1558 2622 1654 2687 anxio
1672 2537 1809 2715 quooldm
1835 2658 1836 2662 ¹

609 2711 854 2813 affetbnsttinnt
861 2711 1101 2810 sensus'rsostri,
1130 2712 1207 2784 dum
1225 2710 1461 2785 admemoriam
1478 2712 1610 2809 instram
1630 2717 1811 2795 reducimur

606 2813 753 2910 benficia
768 2822 908 2887 omnium
927 2813 1127 2902 conditoris,
1154 2820 1210 2911 qui
1228 2833 1268 2881 vt
1285 2816 1438 2884 bominem
1455 2814 1622 2885 redimeret
1632 2816 1808 2912 perditum,

606 2915 755 2987 dominns
770 2913 869 3012 noster
897 2939 1021 2989 iesvs
1049 2934 1279 2988 cuatsrvs
1305 2915 1392 2983 bomo
1411 2911 1513 3005 nosci,
1543 2923 1615 3011 pati
1630 2920 1755 3007 voluit,
1774 2942 1807 2994 et

608 3014 725 3101 occidi,
754 3012 840 3114 quod
858 3035 968 3105 gentes
999 3011 1080 3103 ipsae
1109 3032 1140 3078 et
1162 3010 1395 3096 subtratbianis
1411 3011 1481 3100 filii
1506 3031 1564 3106 per
1598 3017 1808 3092 iluminantis

602 3112 853 3211 praedicationis
875 3109 1057 3180 antidotum
1079 3105 1124 3177 od
1149 3103 1265 3201 ipsum,
1292 3115 1348 3203 qni
1372 3105 1411 3201 epi
1427 3108 1487 3177 lux
1511 3132 1606 3198 vtro,
1633 3133 1665 3182 et
1686 3117 1807 3192 omnem

604 3218 760 3283 bominem
795 3216 974 3278 venientem
998 3206 1137 3294 inbnuc
1168 3202 1321 3276 mundum
1345 3206 1520 3295 ilminat,
1561 3203 1808 3295 c'onutrtoutnrt
1845 3246 1856 3263 ·

608 3320 657 3381 ita
698 3306 761 3377 uod
777 3300 1030 3399 ignorantiarum
1047 3322 1079 3371 et
1095 3328 1236 3373 errorum
1252 3303 1433 3373 huiusmodi
1448 3304 1571 3373 nebulis
1586 3330 1618 3375 et
1627 3310 1806 3397 frondibus

603 3335 801 3509 profligatis,
823 3404 916 3500 ipfins
933 3422 1078 3475 aeternae
1094 3400 1189 3495 felici
1214 3408 1391 3472 commercio
1411 3408 1582 3497 participes
1605 3406 1686 3477 lucis
1703 3409 1805 3505 fiant,

608 3512 723 3606 ,Quare
739 3532 817 3597 nos,
841 3527 881 3576 vt
893 3500 1113 3603 praedicitur,
1138 3523 1328 3575 cunctus
1364 3507 1525 3592 vicarius,
1554 3523 1586 3573 et
1610 3504 1694 3579 beati
1734 3538 1805 3590 ῃ.

608 3634 686 3690 τκῐ
704 3607 920 3706 ,disponente
935 3608 1088 3692 Domino,
1106 3604 1179 3682 licet
1195 3597 1365 3693 immeriti,
1382 3597 1561 3695 suceefforet
1583 3601 1687 3704 effeibi
1695 3668 1706 3707 ‚
1730 3615 1804 3695 hm

606 3722 642 3785 in
658 3721 785 3784 interna
804 3707 949 3807 saepius,
985 3725 1016 3775 et
1031 3704 1136 3802 debito
1153 3702 1358 3776 meditatione
1370 3701 1555 3799 pensantes,
1572 3728 1613 3776 vt
1624 3728 1682 3805 pro
1697 3734 1803 3788 tanta·

606 3838 675 3885 rum
688 3812 876 3909 populorum
886 3804 1086 3907 procurando
1101 3803 1210 3900 salute
1223 3802 1395 3898 seruitutis
1411 3801 1530 3897 noplrae
1546 3804 1686 3884 debitum
1702 3815 1806 3908 ansol.

607 3936 744 3988 vamnst
769 3910 815 3983 od
831 3934 910 3999 vos,
927 3931 1005 4007 qnos
1020 3912 1167 3977 noscimus
1181 3912 1272 3976 viros
1292 3903 1448 3999 religiosos
1465 3905 1612 3979 claritate
1624 3909 1803 4009 fulgenter,

606 4021 727 4085 morum
743 4009 897 4109 honestate
912 4006 1103 4105 conspicuos,
1129 4026 1161 4077 et
1175 4002 1371 4099 diuersarum
1390 4012 1551 4079 uirtutum
1568 4010 1799 4089 titulo-diuini·

511 4124 515 4130 ’
607 4135 663 4193 rus
679 4109 858 4207 instgnitot,
884 4134 920 4186 oc
935 4112 1102 4186 literarum
1125 4105 1275 4308 ssimpia)
1284 4104 1468 4203 praeditos,
1489 4116 1649 4210 propriam
1671 4136 1807 4194 mentm

1233 4229 1254 4281 0
1290 4231 1314 4290 ⁸
1736 4242 1811 4297 Μ·
