4859 5200
1189 582 1520 748 §mogon

745 790 993 881 contutimus,
1019 807 1052 856 et
1065 785 1179 856 ‘sans
1195 784 1396 881 fiducialiter
1418 794 1597 884 aperimust
1629 783 1796 873 tot-vobis,
1817 782 1859 855 de
1882 807 1960 882 quo·

760 888 832 959 rum
841 880 986 979 fludioſss
1009 885 1150 982 operibus
1161 883 1298 979 stulius
1313 889 1429 987 utiles,
1453 891 1524 960 Deo
1533 883 1697 985 placidos,
1727 905 1760 955 et
1773 884 1862 956 nobis
1879 909 1960 954 acce·

587 1058 589 1060 ,
721 982 722 986 '
757 982 1002 1081 ptossperamus
1019 1007 1051 1056 et
1067 984 1472 1085 credimucprouenturor‚
1497 986 1594 1083 super
1611 990 1666 1057 boc
1682 988 1762 1057 onus
1778 983 1896 1080 nostrae
1904 983 1961 1075 so·

660 1143 662 1147 .
741 1082 940 1175 „litteratoris
954 1093 1178 1182 imponamus‚-
1193 1113 1254 1160 vos
1268 1087 1435 1184 adgentes
1452 1109 1484 1160 et
1495 1086 1585 1182 filios
1602 1083 1833 1179 subtrallionis
1848 1088 1961 1155 huius-

757 1180 846 1276 modi
861 1211 905 1288 lac
918 1207 1023 1257 terras
1038 1187 1172 1284 ipsorum
1186 1208 1245 1284 pro
1262 1187 1444 1262 buiuomocli
1466 1187 1680 1285 prosecutione
1701 1193 1819 1280 negotii
1834 1184 1873 1257 de
1884 1183 1962 1273 fra·

702 1327 707 1338 «
738 1304 846 1357 -trum
860 1284 1034 1382 nostrorum
1056 1287 1178 1380 confilio
1190 1287 1393 1382 fiducialiter
1415 1287 1608 1384 destinando.
1637 1289 1819 1380 ¹§Quocirca
1844 1283 1961 1380 discre-

760 1392 878 1456 tionem
891 1385 1027 1482 vestram
1041 1407 1202 1482 rogamur,
1219 1412 1399 1478 manantes,
1424 1410 1456 1481 et
1474 1391 1640 1460 hortamur
1657 1395 1693 1457 in
1710 1408 1812 1458 rosv
1831 1409 1963 1457 cetat·

763 1506 869 1576 tuo,
903 1494 938 1558 in
956 1486 1155 1587 remiffionem
1173 1487 1267 1560 vobis
1292 1497 1506 1586 peccaminum
1542 1484 1718 1583 dislribbius
1752 1493 1965 1576 iniungentes‚

654 1586 661 1593 '
763 1608 923 1686 quatenus
936 1595 1121 1685 accipientes
1134 1587 1319 1680 deuotione,
1340 1614 1404 1687 qua
1421 1595 1584 1677 conuenit,
1611 1585 1702 1682 officii
1710 1584 1866 1679 solatarii
1885 1608 1968 1670 onus

763 1686 857 1758 uobis
872 1688 1065 1782 impositum,
1086 1698 1249 1784 exurgatis
1264 1686 1397 1772 accinbli
1409 1687 1519 1783 gladio
1537 1686 1627 1758 verbi
1644 1689 1707 1757 Dei
1722 1685 1818 1756 libere
1834 1683 1872 1753 ab
1890 1708 1965 1753 one·

600 1833 602 1840 ι
709 1850 712 1857 .
763 1811 801 1856 re
817 1788 992 1855 cerseolium
1010 1791 1212 1882 voluptatum
1222 1788 1346 1884 strenui
1364 1791 1544 1878 beluam,
1575 1807 1684 1870 contra
1699 1783 1967 1878 dolofitatessub·

764 1883 833 1958 doli
837 1882 996 1976 fhtbanae
1011 1887 1132 1978 caustum
1150 1891 1281 1959 Domini
1297 1888 1501 1980 vindicantes
1519 1943 1531 1976 ‚
1560 1907 1620 1982 pro
1643 1911 1707 1982 qua
1722 1892 1803 1955 mori
1819 1882 1860 1981 est
1877 1892 1969 1955 vitae

759 1991 911 2083 perennis
926 1991 1075 2074 initium,
1109 1987 1309 2079 tranbtorioe
1322 1996 1434 2058 mortis
1443 1987 1543 2081 finis,
1579 2006 1614 2056 et
1627 1985 1848 2057 retributionis
1864 2005 1969 2056 oeter-

762 2111 828 2160 uaev
841 2083 1076 2180 inaestimabilis
1093 2085 1260 2162 certitudo.
1317 2084 1366 2164 Vt
1379 2108 1486 2158 autem
1500 2085 1704 2183 ministeriam
1720 2083 1857 2181 vestrum
1873 2087 1967 2156 bono·

722 2256 725 2263 .
765 2207 859 2259 retur
874 2187 1031 2281 plenius,
1064 2207 1098 2257 et
1120 2186 1337 2258 honorabilius
1361 2182 1556 2283 impleatur,
1590 2184 1803 2282 praesentium
1826 2185 1917 2256 vobis
1934 2206 1968 2254 et

767 2285 898 2381 cuilibet
913 2285 1050 2383 uestrum
1066 2285 1260 2358 aul'loritate
1274 2286 1490 2380 concedimus,
1513 2307 1557 2386 (cst
1573 2293 1608 2357 in
1624 2293 1738 2377 terris,
1763 2310 1845 2383 quae
1860 2285 1967 2356 adbuc
2028 2370 2031 2377 .

758 2383 852 2482 sedis
865 2387 1058 2486 Apostolicae
1071 2386 1246 2484 magisteria
1258 2412 1322 2460 non
1339 2385 1535 2476 intendunt,
1555 2405 1728 2483 proponere
1740 2386 1871 2457 uerbum
1888 2387 1965 2472 Dei,

757 2509 801 2565 >et
811 2508 854 2560 ut
865 2486 1042 2587 constitutis
1058 2488 1194 2579 ibidem,
1211 2512 1275 2560 non
1288 2486 1424 2584 obstante
1428 2487 1464 2581 st
1474 2489 1585 2584 aliqua
1595 2486 1660 2578 stne
1671 2489 1966 2558 excommunicatio-

666 2640 668 2643 *
751 2590 931 2686 .rtelegoti,
955 2597 991 2663 in
1006 2590 1142 2681 verbis,
1167 2586 1281 2685 officio,
1302 2610 1336 2660 et
1351 2589 1445 2678 cibo,
1466 2612 1503 2659 ac
1517 2594 1553 2659 in
1575 2588 1651 2659 aliis
1665 2585 1768 2681 fiteris
1791 2592 1967 2656 communi·

762 2715 868 2769 caret
898 2714 934 2763 et
951 2690 1032 2788 ipsos
1047 2690 1108 2787 seu
1121 2696 1219 2763 etiam
1239 2690 1322 2762 alios
1338 2748 1348 2779 ,
1377 2695 1520 2762 conuerti
1535 2686 1754 2776 celeritatem
1773 2683 1970 2781 Christianae

756 2789 841 2885 fidei
856 2798 1035 2885 cupientes,
1055 2797 1209 2883 recipere,
1233 2790 1417 2881 baptizare,
1443 2809 1476 2856 et
1492 2812 1656 2879 aggregare
1666 2787 1802 2877 ecclofiae
1809 2784 1896 2879 filiis
1904 2812 1965 2857 va·
2070 2797 2079 2806 ’“

750 2889 885 2980 τΙειπὶυ
918 2905 950 2956 et
960 2886 1134 2981 presbyteri
1151 2910 1193 2953 ex
1207 2885 1300 2953 uobis
1314 2883 1395 2978 ipsos
1408 2904 1586 2977 aggregatos
1601 2882 1711 2980 pofflnt
1726 2884 1873 2979 instgnire
1892 2891 1964 2959 cbo·

765 2982 888 3060 satim
906 2986 1063 3081 clericali,
1090 3004 1182 3055 eteos
1196 2980 1243 3076 acl
1253 2981 1598 3079 acolythatusorclinem
1609 3005 1802 3079 promouere.
1854 2991 1966 3058 Liceat

764 3094 863 3183 mam
876 3085 1005 3157 cuilibet
1018 3084 1177 3182 vestm,
1191 3074 1195 3084 ’
1211 3081 1329 3155 ibidem
1353 3081 1561 3178 redeuntibus
1587 3081 1636 3154 ad
1657 3084 1867 3158 obedientiam
1879 3087 1968 3177 [erlis

700 3247 708 3261 .
734 3238 737 3241 -
751 3186 901 3288 ,Apostol
915 3184 1060 3285 quisunt
1078 3179 1395 3264 excommunicatione
1410 3184 1542 3273 nociati,
1564 3183 1767 3276 absolutionis
1784 3184 1967 3283 beneficium

759 3299 858 3385 ¹irctcto
866 3287 1011 3383 formam
1028 3284 1181 3381 Ecclefiae
1197 3290 1376 3381 impertiri,
1406 3306 1441 3365 et
1449 3282 1545 3381 super
1563 3310 1598 3355 eo
1613 3283 1787 3382 dispensare
1801 3314 1870 3359 cum
1884 3289 1966 3386 ipsis,

761 3386 819 3494 qul
827 3389 938 3486 soceros
945 3382 1086 3484 fonicon
1101 3394 1238 3485 ceperint
1254 3384 1400 3475 ordines,
1426 3406 1458 3456 et
1474 3384 1589 3457 diuina
1602 3386 1797 3459 celebrarunt
1815 3388 1909 3485 officia
1916 3391 1964 3483 stc

761 3497 864 3591 ligati.
940 3494 1010 3561 Hoc
1036 3488 1134 3583 ipsum
1156 3488 1247 3559 uobis
1268 3488 1311 3580 fit
1329 3489 1454 3558 licitum
1475 3493 1557 3557 circa
1578 3488 1646 3556 illos
1662 3485 1811 3559 deterrit
1826 3489 1962 3580 eisdem,

761 3601 820 3693 qui
832 3590 1022 3688 temporibus
1043 3585 1196 3657 indebitis
1210 3591 1228 3676 ,’
1257 3588 1315 3655 vel
1332 3584 1421 3677 infra
1438 3606 1575 3662 aetatem
1591 3588 1788 3679 legitimam,
1823 3610 1880 3659 aut
1904 3600 1963 3686 qui

750 3718 868 3775 omnes
885 3688 991 3762 coelem
1009 3687 1083 3775 die,
1104 3687 1163 3756 uel
1169 3683 1346 3780 superiores
1356 3684 1574 3783 praetermiffls
1587 3684 1809 3779 inferioribus,
1838 3688 1963 3781 confer·

754 3791 864 3885 ‘resen
881 3798 1016 3885 recipere
1030 3785 1156 3861 ordines
1166 3779 1437 3881 praesumpserunt
1450 3810 1465 3860 ,·
1479 3786 1513 3879 st
1528 3795 1685 3860 tamenin
1700 3794 1756 3860 hoc
1766 3788 1896 3884 seruata
1906 3802 1960 3862 ta.

720 3942 728 3948 ·
760 3898 804 3982 lis
812 3890 925 3983 farma
941 3897 1106 3977 extiterit,
1129 3908 1186 3985 per
1202 3907 1297 3983 quom
1311 3882 1636 3984 ordinecreceprffent.
1691 3890 1787 3962 Vobis
1796 3911 1963 3987 praeterea
2059 3905 2061 3909 ’

728 4068 730 4076 ,
748 3985 934 4090 'dispoertscre
953 3990 1074 4077 liceat,
1106 4005 1150 4088 ,⁵⁰²
1172 3987 1219 4058 illi
1243 4012 1284 4057 esc
1300 3983 1483 4058 nationibus
1500 3988 1619 4084 veslrae
1629 3989 1863 4086 praedicationi
1879 4019 1965 4066 com-

757 4094 867 4195 mffis,
894 4096 1006 4191 quiin
1027 4086 1143 4184 sepibus
1166 4108 1199 4186 et
1213 4084 1370 4182 gradibus
1392 4114 1415 4159 a
1431 4085 1548 4176 diuina
1565 4096 1695 4178 minime
1708 4092 1775 4187 lege
1788 4094 1964 4191 probibitio

1523 4221 1526 4226 ·
1893 4218 1966 4265 mas·
