4859 5200
491 746 659 835 rantibus,
676 742 854 841 susceptum
874 740 1162 838 Chrisiiartaefidei
1173 742 1403 831 firmamentum
1415 741 1464 814 ud
1484 742 1613 815 vittam
1635 765 1701 816 me·
1724 822 1727 828 ¹

492 856 629 918 sitorum
640 855 781 941 gretiam
789 845 1050 940 promerendam,
1077 844 1165 940 quod
1173 844 1289 939 proctd
1300 840 1397 912 dubio
1418 843 1480 912 tibi
1497 846 1632 938 profuit
1658 841 1704 917 oti

489 949 614 1043 plenam
631 971 772 1017 omnium
789 967 915 1014 tuorum
932 944 1161 1038 induigtmsmt
1173 961 1391 1039 peccatorum,
1424 963 1456 1012 et
1464 962 1523 1037 ptr
1538 947 1626 1041 quod
1639 944 1701 1016 rtis·

488 1057 599 1143 potuit
616 1046 726 1118 aditur
742 1044 786 1115 ad
803 1070 930 1137 regntsm
955 1067 1138 1130 aeternum,
1162 1063 1221 1139 pet
1244 1039 1325 1112 riui
1345 1046 1492 1112 inueniat
1523 1055 1602 1129 ’,16)
1626 1064 1700 1138 ptr·

490 1155 659 1218 mentionis
680 1155 848 1216 introitum
869 1144 1069 1237 adsalutem.
1114 1146 1199 1217 Eum
1206 1141 1366 1240 squidem
1380 1149 1572 1238 concepimus
1585 1167 1657 1237 erga
1668 1165 1702 1216 tt

497 1246 678 1316 deuotionis
695 1248 772 1342 (¹3⁷)
796 1240 964 1342 astatium,
991 1269 1052 1342 quo
1069 1242 1205 1339 afficitur
1224 1251 1258 1312 in
1276 1240 1426 1336 filiosuo
1450 1262 1570 1339 pater:
1603 1253 1700 1315 immo

457 1430 463 1437 ι
496 1365 588 1415 tanto
603 1355 773 1434 maiorem,
797 1360 916 1441 quanto
931 1355 1091 1442 potentior
1102 1366 1134 1414 et
1147 1340 1339 1442 mfiiiuosor
1351 1342 1393 1438 esi
1405 1340 1583 1439 spiritualis
1592 1350 1701 1438 patris

494 1448 654 1533 charitas,
687 1471 751 1542 qut
775 1446 835 1514 tibi
867 1455 938 1515 vice
963 1449 1027 1517 Dei
1049 1454 1266 1538 coniungimur
1276 1490 1296 1535 ‚-
1319 1467 1416 1541 quam
1442 1444 1599 1523 carnaiis,
1618 1442 1701 1541 ‘qua

493 1552 568 1644 quis
588 1548 659 1636 (¹8)
686 1545 730 1614 od
743 1565 865 1641 tempus
886 1545 995 1640 diligit
1007 1543 1094 1637 filios
1108 1552 1214 1614 carnis
1223 1541 1315 1637 suae.
1365 1541 1566 1640 Ideoquefili
1588 1566 1700 1615 oman·

493 1645 727 1744 tifflrttertobis‚
754 1654 788 1716 in
810 1648 944 1715 Domino
959 1667 1047 1716 tuam
1072 1643 1283 1738 teisttudirtem
1308 1640 1518 1736 obsecramus.
1537 1662 1703 1742 ,quotenus
1738 1650 1747 1673 ¹

493 1755 528 1817 in
537 1742 626 1840 fiir,
642 1744 720 1842 spe,
743 1773 779 1816 at
794 1743 963 1816 diieiitorte
981 1748 1160 1832 creatoris,
1186 1765 1220 1814 et
1244 1745 1423 1815 Saluotoris
1447 1741 1559 1840 nosti,
1585 1752 1645 1844 qui
1667 1764 1702 1816 te
1762 1794 1771 1817 e

492 1857 624 1918 uocauit
637 1855 824 1942 ingratiam
835 1845 948 1939 suam,
967 1841 1105 1942 suscepit
1123 1842 1169 1914 asi
1182 1843 1445 1938 misericordiam,
1474 1845 1568 1940 elegit
1581 1845 1699 1940 asig‘lt·

492 1956 593 2036 riam,
618 1968 677 2044 per
691 1949 928 2018 meditationem
943 1947 1020 2039 legis
1038 1945 1130 2042 ipsus
1146 1943 1305 2043 offitium,
1324 1966 1357 2015 et
1370 1947 1588 2016 uoluntariam
1601 1943 1698 2037 disci·

485 2049 610 2138 plinam
627 2047 849 2118 mandatorum
865 2056 950 2132 eius,
963 2045 1091 2140 siudeas
1107 2051 1256 2119 exerceri.
1286 2046 1341 2115 Ilia
1358 2042 1542 2141 quaesumus
1550 2042 1699 2134 scrutare

483 2141 655 2232 solicitus,
688 2154 723 2213 itt
743 2149 812 2214 ilios
829 2146 955 2235 uersare
972 2144 1136 2240 quotidie,
1170 2165 1204 2212 et
1221 2153 1255 2213 itt
1270 2143 1341 2237 ipfis
1364 2150 1494 2211 viarum
1521 2144 1583 2212 Dei
1603 2140 1698 2229 semi·

493 2263 546 2311 tas
563 2241 723 2336 inuesiiga,
740 2263 780 2311 vt
793 2260 852 2335 per
870 2247 943 2310 isaeo
959 2243 1101 2336 qualiter
1118 2261 1150 2308 te
1167 2243 1234 2309 Deo
1247 2244 1371 2333 piatere
1384 2259 1528 2335 oporteat.
1539 2241 1699 2335 eruditus,

492 2349 527 2411 itt
542 2350 704 2437 potentias
715 2343 794 2428 Dei,
812 2364 880 2410 cum
897 2339 984 2409 tede
1001 2335 1189 2432 infirmitate
1206 2340 1352 2409 mortalis
1366 2348 1501 2435 corporis
1518 2338 1609 2412 educi
1624 2368 1699 2415 coto·

493 2451 621 2534 tigerit,
645 2440 819 2512 inducaris.
873 2441 989 2533 Verum
1013 2447 1107 2537 quio,
1123 2437 1209 2532 scut
1232 2436 1341 2508 docuit
1359 2464 1401 2508 ex
1424 2441 1609 2532 conscientia
1635 2445 1700 2515 Dei

490 2542 624 2614 diuinus
641 2539 806 2637 Apostolus
833 2565 923 2614 etv
935 2565 956 2614 1.
968 2562 1032 2628 vs,
1052 2536 1300 2610 corieereditur
1314 2537 1542 2637 uitulinum,
1569 2566 1622 2615 ose
1636 2568 1699 2618 ott·

490 2665 554 2714 tem
570 2642 708 2742 tonseffio
723 2642 770 2736 fit
786 2640 995 2731 adsalutem,
1019 2661 1158 2736 oportet,
1192 2637 1437 2739 excellentifflme
1448 2655 1595 2741 princeps
1612 2701 1624 2733 ,
1658 2667 1702 2720 nt

488 2743 660 2841 susceptam
677 2768 702 2819 c
713 2769 790 2816 aas
801 2766 851 2815 ετ
862 2740 982 2837 isdem
998 2743 1083 2813 claro
1093 2739 1700 2844 couseffionispraecooiodeciaratestu·

492 2846 590 2934 deas,
616 2866 647 2916 et
659 2853 733 2942 piae
747 2841 882 2915 aiilrtis
900 2841 1071 2939 testimonio
1088 2841 1228 2914 dilatare
1290 2845 1405 2915 Sumot
1417 2852 1517 2938 igitur
1534 2869 1575 2916 ets
1597 2865 1631 2917 te
1646 2845 1701 2920 tt·

491 2947 655 3017 tionoiilit
670 2966 832 3016 creaturae
844 2943 1039 3029 multitudo,
1064 2952 1335 3040 quamtotius,
1361 2945 1555 3042 Chrisiiortoe
1571 2944 1699 3043 insitus·

494 3052 593 3117 tionis
611 3045 789 3138 exemplar.-
810 3065 841 3111 et
860 3049 936 3139 quia
954 3045 1106 3120 Soluntor
1123 3052 1262 3112 omnium
1287 3042 1380 3113 dedit
1396 3046 1540 3115 omnibus
1560 3048 1699 3120 homini·

494 3145 554 3216 bus
565 3142 746 3240 potesatem
754 3140 846 3235 filios
862 3144 924 3211 Dei
934 3137 1028 3233 fieri,
1056 3140 1208 3211 tredendo
1225 3151 1260 3212 itt
1279 3154 1404 3214 nomine
1420 3145 1530 3241 ipsus,
1559 3154 1617 3243 qui
1643 3171 1699 3218 rte·

497 3253 613 3312 minem
630 3244 707 3338 vult
718 3231 845 3333 perire,
871 3240 1029 3331 largiendi
1045 3265 1081 3311 ot
1094 3241 1264 3336 recipiendi
1283 3241 1631 3338 adrpriorremfiirorum
1643 3249 1702 3318 im·

496 3335 635 3410 iusmodi
646 3360 704 3434 per
719 3337 851 3408 utrium
867 3341 1023 3430 euangelii
1045 3362 1171 3425 omnes,
1208 3359 1242 3409 te
1262 3359 1458 3434 protegente,
1472 3342 1622 3434 semerom
1641 3331 1708 3418 isaess'

421 3443 423 3450 '
496 3440 591 3512 beart
606 3438 808 3514 libertatem
834 3443 884 3509 ita
899 3437 986 3536 quod
1000 3436 1209 3531 adsummam
1235 3436 1297 3506 trii
1320 3436 1454 3534 copiosae
1478 3439 1700 3516 retributionis
1820 3483 1823 3488 ·

494 3539 644 3635 accrescat
650 3537 810 3634 fitiutoris
833 3539 989 3633 conuirso
1001 3540 1225 3637 plurimorum,
1277 3539 1361 3610 Sane
1378 3539 1523 3639 praefati
1546 3542 1701 3639 capellent'

494 3653 546 3716 tui
561 3668 648 3715 moro
662 3641 819 3738 proiixior
831 3639 1042 3730 excusationis
1066 3638 1227 3733 legitimae
1241 3640 1329 3738 apud
1348 3644 1481 3735 regalem
1502 3644 1704 3720 clementiam

495 3745 587 3820 debet
606 3742 658 3840 ese
675 3764 748 3816 tuta
760 3740 938 3840 praefidit,
960 3751 1036 3841 quia
1052 3737 1174 3813 dudum
1192 3766 1265 3814 cum
1282 3739 1328 3813 ad
1342 3766 1401 3813 rtos
1425 3743 1604 3833 accederet,
1626 3765 1705 3846 pro·

495 3847 699 3935 meantibus,
728 3866 770 3914 ut
797 3841 937 3934 dieitur,
971 3840 1161 3944 quibusdam
1186 3843 1372 3934 maieuoiis,
1395 3871 1416 3917 a
1440 3844 1600 3946 quandam
1627 3853 1702 3944 (¹9)

862 3987 867 4006 .
1080 3940 1195 4048 (h)2
1514 3968 1700 4022 count·
1771 4004 1793 4052 3

537 4067 603 4148 (¹6)
621 4062 779 4140 inttttiot,
799 4063 849 4133 id.
947 4063 1011 4152 (η)
1028 4059 1226 4139 ὥΙεέΙίοιιίε,
1245 4062 1296 4134 Μ.
1390 4067 1705 4153 (sesquitertium
1850 4085 1853 4092 ’

593 4150 843 4239 (¹⁹)<t110dtm2
863 4147 959 4226 tuna
1108 4179 1113 4186 ·
1295 4159 1299 4170 '
1344 4219 1349 4228 .
1543 4203 1552 4226 x
1622 4219 1649 4228 --
