4859 5200
1061 647 1369 747 «3860-

1064 820 1130 914 N.
1173 823 1346 914 xxvl.

602 975 660 1052 Ex
679 984 822 1049 onon.
847 968 1121 1041 RaYNaLns
1143 950 1277 1032 Anna.
1292 932 1818 1053 Tom.XW.ann.1288.n·36.

648 1088 685 1173 p.
700 1061 828 1170 405st
840 1082 878 1141 et
899 1073 1064 1139 chaa
1088 1071 1367 1133 wanmsscs
1393 1049 1525 1133 Annal.
1544 1057 1640 1133 Min.
1655 1053 1818 1150 TontV.

648 1162 850 1357 ζιοιζθιζη
867 1297 1028 1351 arraona
1050 1274 1129 1360 Regi
1158 1272 1374 1342 Tarsososum
1394 1274 1499 1344 illustri
1516 1279 1649 1366 gratiam
1675 1277 1711 1344 in
1726 1293 1822 1365 psae-

776 1371 870 1451 senti,
891 1388 972 1456 quoe
984 1365 1133 1453 perducat
1145 1363 1184 1427 ad
1196 1361 1330 1446 gloriam
1352 1364 1384 1429 in
1399 1361 1516 1433 fusuro.

608 1501 718 1676 sp
726 1517 845 1612 summi
861 1511 1059 1614 praesulatus
1077 1511 1207 1608 offitium
1226 1529 1324 1608 nuper
1340 1508 1430 1581 nolis
1437 1506 1594 1604 supernae
1609 1503 1822 1605 dispositionis

583 1626 585 1631 ’
721 1620 873 1704 arbitrio,
902 1640 962 1714 quo
981 1612 1119 1710 eoelestia
1133 1621 1259 1711 pariter
1274 1633 1307 1682 et
1332 1632 1458 1680 terreno
1485 1606 1710 1704 dispositionem
1728 1610 1821 1683 ordi·

609 1745 743 1818 nemque
753 1716 948 1813 suscipiunt,
971 1723 1130 1792 euocatis,·
1154 1712 1347 1784 venerabilis
1364 1709 1477 1800 'frater
1501 1707 1601 1804 noller
1617 1733 1764 1784 aaran
1777 1736 1819 1786 v·

611 1845 678 1897 asa
701 1816 910 1912 episcopusin
934 1815 1080 1910 parribus
1104 1821 1267 1901 oriensis,
1306 1809 1422 1883 nobilis
1447 1817 1503 1879 air
1537 1831 1743 1884 saonam
1756 1836 1822 1904 vs,

486 2004 489 2011 ,
612 1912 1105 2002 transsumam,
1131 1933 1164 1983 ar
1188 1931 1409 1987 vovtave
1437 1918 1593 2005 interpres
1608 1931 1681 1982 suae
1696 1923 1821 2008 magni.

612 2015 739 2091 tudinis
751 2021 879 2104 nuntii,
902 2012 948 2084 ad
960 2010 1094 2109 nostram
1109 2011 1316 2108 praesentiam
1334 2008 1537 2104 accedentes,
1559 2019 1660 2105 regias
1676 2014 1766 2085 nobis
1782 2017 1822 2086 li·
1844 2026 1850 2033 '

612 2140 700 2191 teras
707 2115 962 2214 praesentarunt.
1015 2115 1093 2184 Nar
1107 2132 1213 2184 autern
1229 2108 1485 2207 nuntiasipsoset
1503 2112 1616 2181 literas
1629 2113 1743 2185 libenti
1750 2124 1822 2188 ani-

613 2242 690 2314 mo‚
739 2217 899 2314 vultuque
923 2211 1033 2307 sereno
1070 2221 1240 2309 recepimus
1270 2221 1395 2285 intuitu
1426 2209 1651 2300 destinaram
1700 2236 1733 2286 et
1754 2238 1823 2290 saar

613 2343 696 2421 quae
727 2325 763 2388 in
796 2318 902 2386 literis
934 2314 1176 2386 continebantur
1212 2312 1329 2385 eisdem
1354 2338 1374 2403 ‚¹
1403 2336 1499 2411 quam
1530 2338 1611 2410 quae
1634 2325 1821 2390 nunciorum

609 2414 846 2520 praedillorum
875 2412 973 2508 falla
1013 2440 1115 2486 coram
1154 2415 1244 2485 nobis
1290 2436 1323 2485 et
1353 2413 1515 2504 fratribus
1556 2413 1668 2510 nostris
1707 2408 1823 2516 p'ropo.

608 2522 684 2619 fitia
699 2518 852 2612 reserauit
883 2574 892 2606 ‚
932 2516 1060 2611 benigne
1082 2512 1298 2605 audiuimus,
1338 2535 1371 2584 es
1396 2514 1607 2584 inteleximus
1630 2516 1823 2614 diligentem
1861 2552 1868 2560 ·

611 2619 788 2720 gaudentes
803 2618 1090 2716 quamplurium,
1115 2636 1148 2685 es
1165 2616 1346 2686 exultantes
1368 2624 1402 2686 in
1419 2618 1572 2706 Domino,
1594 2625 1629 2687 in
1647 2628 1740 2691 onius
1755 2648 1824 2696 ma·

489 2803 491 2807 ,
616 2749 662 2797 nu
679 2716 1046 2814 cordasuntprincipum
1064 2738 1285 2806 terrenorum,
1339 2715 1424 2814 quod
1451 2737 1490 2786 te
1513 2717 1678 2791 clementer
1696 2733 1823 2817 gratiae

609 2821 690 2914 suar
707 2821 787 2887 dono
801 2826 1029 2910 praeueniens,
1049 2819 1100 2885 illo
1116 2824 1167 2885 rui
1181 2815 1316 2910 pellaris
1334 2825 1449 2885 intima
1460 2815 1675 2907 foecundauit
1694 2821 1822 2922 offella,

622 2915 798 3018 quodficut
815 2933 847 2982 er
862 2914 1029 2983 literarum
1048 2914 1183 3008 ipsarum
1201 2934 1291 2985 senor
1305 2924 1448 3011 aperuit,
1477 2938 1508 2987 et
1525 2920 1692 2991 eorundem
1702 2927 1827 3022 pasefe*

622 3025 668 3090 tit
683 3013 802 3110 affinio
820 3020 1026 3104 nuntiorum,
1056 3012 1101 3085 ad
1115 3014 1297 3086 dilatandos
1325 3016 1574 3113 Christianitatis
1587 3021 1673 3115 fines
1691 3024 1830 3117 feruens

622 3115 777 3210 dirigitur
791 3113 976 3209 defiderrum
992 3123 1108 3185 mentis
1126 3137 1222 3192 tnae;
1260 3116 1405 3216 quodque
1419 3120 1460 3190 de
1470 3122 1617 3215 gentibus
1636 3143 1710 3196 tuoe
1727 3127 1829 3201 ditio·

620 3213 834 3309 nissubietio
849 3222 996 3310 imperio,
1032 3214 1111 3307 fidei
1136 3219 1309 3288 cultoribus
1340 3219 1532 3318 Christianae
1556 3243 1589 3292 re
1614 3224 1780 3319 benignum
1795 3253 1829 3304 eo

564 3354 567 3362 ·
620 3316 804 3391 beneuolum
820 3316 964 3406 exhibes,
989 3333 1112 3415 'eosque
1127 3343 1189 3389 nan
1199 3317 1269 3413 fine
1287 3319 1395 3390 laudis
1417 3325 1572 3394 humanae
1584 3315 1747 3421 praeconio
1758 3307 1780 3422 ‚x
1795 3356 1830 3405 ee

620 3419 829 3517 dispositionis
842 3416 970 3489 indiciis
987 3414 1198 3511 adsalutem,
1224 3445 1304 3517 quoe
1319 3420 1359 3491 de
1375 3422 1453 3492 bone
1466 3422 1585 3519 semper
1602 3434 1638 3495 in
1654 3432 1830 3505 meliusde·

623 3519 699 3594 duci
719 3526 861 3614 cupimus
877 3525 911 3587 in
930 3540 1148 3611 augmentum,
1173 3521 1292 3611 fauore
1304 3520 1499 3617 profieqnaris
1512 3526 1660 3619 gratioso.
1713 3533 1763 3602 De
1770 3561 1833 3634 qua

623 3620 801 3713 etlfirudini
833 3624 934 3709 regiae
962 3638 1052 3687 tanto
1072 3630 1251 3710 gratiarum
1279 3623 1439 3691 uberiores
1477 3627 1653 3696 euoluimns
1677 3630 1819 3708 alliones

623 3740 744 3817 quanto
760 3718 797 3787 id
805 3720 930 3813 plenior
947 3738 979 3786 et
999 3718 1159 3811 benignior
1174 3739 1321 3813 operatur
1336 3718 1487 3818 offellas,
1514 3747 1546 3794 et
1563 3752 1603 3796 ex
1613 3695 1832 3825 munificentil

619 3823 789 3928 prouenire
810 3818 1163 3913 dignosciturampliori.
1212 3821 1314 3910 Sane,
1336 3830 1481 3921 princeps
1496 3836 1613 3921 egregie
1628 3841 1694 3902 tuis
1709 3847 1832 3930 aperiri

614 3914 754 4014 senfibus
770 3911 974 4010 offellamus,
998 3943 1079 4016 quae
1094 3920 1166 3989 Rex
1182 3920 1318 4014 excelsus
1336 3927 1436 3995 iilius
1444 3925 1565 4019 summi
1584 3932 1699 4023 Regis,
1724 3935 1833 4036 depo.

619 4019 725 4092 lorum
733 4011 920 4129 sublimibus
925 4021 1076 4110 prodiens
1085 4045 1099 4096 ;
1123 4041 1154 4089 et
1170 4022 1215 4090 ad
1229 4024 1340 4095 munli
1349 4029 1443 4095 huius
1459 4026 1586 4120 infimo,
1610 4039 1829 4136 venonium,

624 4142 716 4224 gurm
732 4112 778 4198 ad
791 4119 960 4222 imaginent
970 4118 1256 4223 astoricensem
1266 4122 1834 4237 suanacleliam'terraefonrranerar⁸
1893 4129 1903 4146 “
