4859 5200
1046 560 1351 663 uptbw·

619 758 804 836 aberrantes,
828 748 874 823 ael
902 750 1126 842 abnegationem
1152 772 1292 818 errorum
1330 768 1362 817 et
1375 747 1576 842 schismatum
1597 748 1771 843 praedillae

619 879 706 935 rum,
730 873 760 921 et
767 847 1009 944 sttfiipienelum,
1033 846 1283 939 cognoscundum,
1313 866 1342 915 et
1362 847 1524 917 tenendum
1550 854 1712 917 veritatem
1720 848 1768 939 fia

617 950 670 1022 elei
687 948 884 1030 orthodoxae,
908 966 938 1013 et
950 944 995 1013 ad
1007 954 1156 1014 unitatem
1175 968 1284 1014 veram
1298 942 1425 1036 froilae
1446 946 1603 1013 Romanae
1626 946 1769 1035 ecelefiae,

617 1051 668 1118 ¹c'ui
684 1046 827 1117 dontinus
866 1042 961 1136 noster
986 1064 1100 1114 tsssvs
1139 1062 1358 1114 cttntsrvs
1392 1060 1480 1132 caput
1496 1037 1549 1135 effe
1575 1040 1769 1133 be'gnoseitur,

616 1152 766 1215 veraciter
791 1139 980 1212 redeundum
1003 1144 1133 1210 hortesis
1143 1149 1259 1235 paritet
1273 1160 1302 1207 et
1318 1140 1467 1209 inclutas:
1491 1145 1537 1207 ita
1551 1138 1635 1233 quod
1653 1157 1697 1222 tu,
1710 1156 1772 1231 per

615 1238 793 1313 huiusmodi
813 1241 1033 1308 exhortationis
1063 1258 1093 1308 et
1125 1237 1312 1309 indulbionis
1325 1236 1465 1333 studium
1475 1236 1618 1328 salutare
1637 1233 1774 1318 ltttrifae.

615 1347 697 1411 cient
718 1344 839 1409 animat
855 1339 971 1409 multat
1004 1339 1092 1423 Deo,
1124 1360 1262 1407 coronam
1281 1344 1425 1431 potiorem
1455 1337 1571 1429 gloriae
1596 1341 1630 1405 in
1646 1334 1767 1425 excelsts

611 1444 762 1533 percipere
777 1442 933 1512 merearis.
977 1436 1052 1504 Nos
1072 1443 1152 1505 enim
1172 1457 1203 1505 te
1218 1434 1347 1527 gratiose
1362 1434 1504 1530 prosequi
1520 1453 1668 1529 tanquam
1680 1432 1766 1501 bene·

613 1536 758 1607 dielioais
770 1537 928 1604 alumnum
940 1532 1145 1618 intendimus,
1169 1555 1198 1602 et
1215 1556 1298 1601 more
1312 1540 1415 1626 patris
1428 1533 1564 1600 beneuoli
1576 1528 1766 1620 fauorabili·

614 1655 662 1703 ter
675 1632 843 1717 confautres
865 1652 901 1699 vt
917 1652 952 1699 tu
966 1638 1003 1713 ei,
1019 1639 1068 1697 cui
1074 1638 1195 1721 petuire
1208 1655 1332 1721 regnare
1350 1630 1399 1723 ess,
1413 1630 1551 1703 liberius,
1555 1627 1763 1717 familiarius,

611 1730 792 1825 confiantins
808 1729 897 1818 ipfiut
912 1729 1133 1823 beneplacitote
1145 1747 1272 1823 coaptet,
1325 1732 1442 1798 Datum
1454 1728 1551 1799 aaa.
1562 1727 1621 1802 Vl.
1632 1728 1765 1814 nutuluf

609 1833 648 1900 lii
659 1850 739 1902 anno
759 1826 893 1904 XVIII,

1034 2024 1092 2110 N.
1148 2019 1336 2112 Lxxut.

662 2130 728 2211 Ex
755 2154 906 2215 onon.
927 2151 1227 2211 narraturo
1254 2128 1468 2239 vbifitpra.

734 2276 932 2328 manuus
968 2269 1033 2332 cet.
1075 2251 1264 2330 venerabili
1297 2252 1389 2327 fratri
1423 2271 1683 2327 ruartmtco
1717 2247 1764 2326 de

811 2373 1055 2427 cuntutno
1078 2349 1334 2450 archiepiscopo
1351 2345 1548 2449 Volprenfi.

606 2480 756 2651 Nuper
774 2520 814 2566 ex
830 2500 918 2565 certis
943 2497 1175 2567 rationabilibus
1199 2498 1293 2591 cartstt
1316 2502 1431 2591 lotum,
1447 2520 1589 2571 vacuum
1608 2500 1764 2595 Vofprum‚

698 2594 794 2686 strum
811 2601 844 2664 in
868 2615 951 2665 terra
968 2596 1146 2683 Gazariee,
1170 2623 1249 2693 quae
1272 2605 1306 2669 in
1329 2621 1428 2671 terrae
1448 2603 1650 2671 Tartarorum
1669 2595 1766 2691 uasti·

605 2713 667 2762 tate
691 2692 836 2787 conststit,
856 2693 1046 2788 papultfitm,
1079 2696 1240 2788 infignem,
1264 2717 1369 2792 aptum
1389 2719 1420 2768 et
1445 2697 1692 2781 aerumnam,
1714 2717 1764 2762 re·

538 2899 552 2916 ·-
604 2792 1765 2979 hhlh}ihil?‘'hithhthliisshlhthhhh?'2¹2'thri-hh

597 2980 881 3072 fideisupradillae
904 2981 943 3044 de
945 2979 1087 3063 fratrum
1101 2983 1267 3059 nostrorum
1291 2987 1430 3066 confilio,
1461 3005 1491 3046 et
1506 2985 1677 3074 apostolieae
1694 2988 1762 3074 ple·

604 3077 745 3147 uituline
762 3071 916 3168 potestatis
930 3077 965 3139 in
989 3072 1173 3162 metropolita
1191 3075 1358 3158 ereximus,
1385 3092 1416 3139 et
1427 3077 1597 3166 metropolis
1617 3080 1763 3148 wsabulo

605 3181 779 3244 turauimus
792 3169 956 3262 iafignire;
981 3164 1163 3236 tulloritate
1179 3167 1333 3260 apostolica
1356 3167 1552 3258 ordinantes,
1576 3193 1615 3240 ue
1627 3183 1661 3242 in
1675 3171 1764 3243 ditia

605 3270 759 3363 metropoli
775 3266 835 3358 sub
861 3264 1008 3334 vocabulo
1031 3284 1277 3358 ntcnnntrs
1300 3269 1472 3356 archangeli
1483 3265 1621 3353 fundari
1639 3292 1670 3339 et
1689 3295 1757 3342 tan·

598 3370 677 3463 Jlrui
697 3365 816 3435 deberet
841 3360 953 3452 eecltfia
978 3357 1181 3435 cathedralis:
1203 3360 1343 3455 quodque
1374 3364 1543 3456 metropolis
1563 3365 1625 3457 ipsa
1648 3374 1757 3438 ciuitas

608 3463 777 3560 Vesprenfis
790 3482 819 3530 et
834 3457 919 3530 dille
947 3457 1060 3550 ecoltfia
1075 3461 1302 3552 metropolitana
1312 3467 1461 3554 perpetuis
1469 3459 1593 3550 futuris
1616 3474 1757 3558 tempori·

604 3561 660 3638 lus
682 3562 890 3648 censerentur,
910 3576 1172 3651 nuncuparentur,
1204 3577 1235 3626 et
1263 3563 1355 3626 etiam
1380 3560 1578 3649 haberentur,
1604 3583 1698 3659 prout
1721 3570 1756 3634 in

603 3661 708 3758 nostris
724 3661 820 3730 literis
841 3655 912 3726 inde
930 3652 1074 3746 tonsellis
1096 3657 1217 3750 plenius
1232 3662 1410 3735 continetur.
1460 3659 1572 3730 Verum
1591 3670 1661 3760 qui,
1674 3661 1757 3752 ficut

605 3763 692 3833 hebet
707 3759 813 3829 relatio
821 3753 889 3846 fide
913 3751 1007 3846 digna
1023 3752 1109 3821 nobit
1123 3779 1159 3822 ac
1171 3749 1330 3842 fratribus
1343 3755 1452 3851 nostris
1475 3759 1619 3852 etpafita,
1643 3779 1673 3829 et
1686 3783 1754 3831 cttttt

601 3857 712 3952 gaudio
727 3851 889 3938 intellella,
914 3857 948 3922 in
964 3848 1067 3919 eadem
1081 3871 1163 3922 terra
1179 3853 1337 3922 Gazarine
1357 3855 1446 3926 multi
1452 3853 1710 3946 schipmatitorum
1721 3877 1753 3926 ee

604 3955 771 4052 infidelium
787 3960 944 4024 rtetionum
957 3947 1045 4043 ipſsus
1062 3957 1159 4018 terrae
1170 3949 1391 4043 praedicatione
1405 3951 1492 4023 uerbi
1504 3951 1609 4030 diuini
1610 3957 1752 4048 fratrum

617 4057 620 4062 ’
692 4069 695 4076 ’
1186 4050 1244 4140 (x)
1268 4069 1283 4139 3
1656 4057 1751 4123 Prae·
