<?xml version="1.0" encoding="UTF-8"?>
<!DOCTYPE html PUBLIC "-//W3C//DTD XHTML 1.0 Transitional//EN"
    "http://www.w3.org/TR/xhtml1/DTD/xhtml1-transitional.dtd">
<html xmlns="http://www.w3.org/1999/xhtml" xml:lang="en" lang="en">
 <head>
  <title>
</title>
<meta http-equiv="Content-Type" content="text/html;charset=utf-8" />
  <meta name='ocr-system' content='tesseract 3.04.00' />
  <meta name='ocr-capabilities' content='ocr_page ocr_carea ocr_par ocr_line ocrx_word'/>
</head>
<body>
  <div class='ocr_page' id='page_1' title='image "./iolavrentiimosh00moshgoog_0022.png"; bbox 0 0 4859 5200; ppageno 0'>
   <div class='ocr_carea' id='block_1_1' title="bbox 1086 551 1643 717">
    <p class='ocr_par' dir='ltr' id='par_1_1' title="bbox 1086 551 1643 717">
     <span class='ocr_line' id='line_1_1' title="bbox 1086 551 1643 717; baseline 0.009 -6"><span class='ocrx_word' id='word_1_1' title='bbox 1086 568 1088 573; x_wconf 31' lang='lat'>⁵</span> <span class='ocrx_word' id='word_1_2' title='bbox 1197 551 1491 717; x_wconf 62' lang='lat' dir='ltr'><strong>e&#39;tuta·</strong></span> <span class='ocrx_word' id='word_1_3' title='bbox 1640 622 1643 629; x_wconf 81' lang='grc'><strong>’</strong></span> 
     </span>
    </p>
   </div>
   <div class='ocr_carea' id='block_1_2' title="bbox 733 744 2086 1038">
    <p class='ocr_par' dir='ltr' id='par_1_2' title="bbox 733 744 2086 1038">
     <span class='ocr_line' id='line_1_2' title="bbox 733 744 1943 853; baseline -0.002 -17"><span class='ocrx_word' id='word_1_4' title='bbox 733 773 794 850; x_wconf 78' lang='lat' dir='ltr'><strong>aa,</strong></span> <span class='ocrx_word' id='word_1_5' title='bbox 819 748 1063 832; x_wconf 79' lang='lat' dir='ltr'><strong>eontinentur</strong></span> <span class='ocrx_word' id='word_1_6' title='bbox 1079 744 1246 849; x_wconf 76' lang='lat' dir='ltr'><strong>primum</strong></span> <span class='ocrx_word' id='word_1_7' title='bbox 1274 749 1429 851; x_wconf 88' lang='lat' dir='ltr'><strong>nomina</strong></span> <span class='ocrx_word' id='word_1_8' title='bbox 1444 749 1556 833; x_wconf 83' lang='lat' dir='ltr'><strong>LXX.</strong></span> <span class='ocrx_word' id='word_1_9' title='bbox 1572 769 1803 853; x_wconf 83' lang='lat' dir='ltr'><strong>praeconum</strong></span> <span class='ocrx_word' id='word_1_10' title='bbox 1828 772 1943 834; x_wconf 87' lang='lat' dir='ltr'><strong>euan-</strong></span> 
     </span>
     <span class='ocr_line' id='line_1_3' title="bbox 733 847 2086 1038; baseline -0.007 -104"><span class='ocrx_word' id='word_1_11' title='bbox 733 851 843 1038; x_wconf 53' lang='grc' dir='ltr'>ῧοὶίί,</span> <span class='ocrx_word' id='word_1_12' title='bbox 867 851 932 949; x_wconf 90' lang='lat' dir='ltr'><strong>qui</strong></span> <span class='ocrx_word' id='word_1_13' title='bbox 951 847 1190 928; x_wconf 84' lang='lat' dir='ltr'><strong>Christianam</strong></span> <span class='ocrx_word' id='word_1_14' title='bbox 1215 848 1329 930; x_wconf 83' lang='lat' dir='ltr'><strong>fidem</strong></span> <span class='ocrx_word' id='word_1_15' title='bbox 1353 851 1394 930; x_wconf 91' lang='lat' dir='ltr'><strong>in</strong></span> <span class='ocrx_word' id='word_1_16' title='bbox 1411 853 1531 931; x_wconf 83' lang='lat' dir='ltr'><strong>China</strong></span> <span class='ocrx_word' id='word_1_17' title='bbox 1559 852 1854 952; x_wconf 82' lang='lat' dir='ltr'><strong>adnuncia&#39;runt,</strong></span> <span class='ocrx_word' id='word_1_18' title='bbox 1878 855 1942 932; x_wconf 88' lang='lat' dir='ltr'><strong>de·</strong></span> <span class='ocrx_word' id='word_1_19' title='bbox 2082 917 2086 924; x_wconf 88' lang='lat'><em>.</em></span> 
     </span>
    </p>
   </div>
   <div class='ocr_carea' id='block_1_3' title="bbox 761 947 2099 1070">
    <p class='ocr_par' dir='ltr' id='par_1_3' title="bbox 761 947 2099 1070">
     <span class='ocr_line' id='line_1_4' title="bbox 761 947 2099 1070; baseline -0.005 -37"><span class='ocrx_word' id='word_1_20' title='bbox 761 974 921 1056; x_wconf 79' lang='lat' dir='ltr'>guantur</span> <span class='ocrx_word' id='word_1_21' title='bbox 937 947 1072 1029; x_wconf 90' lang='lat' dir='ltr'><strong>deinde</strong></span> <span class='ocrx_word' id='word_1_22' title='bbox 1088 947 1388 1069; x_wconf 66' lang='lat' dir='ltr'><strong>audiotesetedbi</strong></span> <span class='ocrx_word' id='word_1_23' title='bbox 1405 950 1534 1054; x_wconf 88' lang='lat' dir='ltr'><strong>lapidis</strong></span> <span class='ocrx_word' id='word_1_24' title='bbox 1558 974 1790 1070; x_wconf 80' lang='lat' dir='ltr'><strong>tempusque.</strong></span> <span class='ocrx_word' id='word_1_25' title='bbox 1841 957 1945 1058; x_wconf 79' lang='lat' dir='ltr'><strong>Qua-</strong></span> <span class='ocrx_word' id='word_1_26' title='bbox 2031 972 2034 977; x_wconf 66' lang='grc'>’</span> <span class='ocrx_word' id='word_1_27' title='bbox 2090 978 2099 987; x_wconf 88' lang='grc'><em>·</em></span> 
     </span>
    </p>
   </div>
   <div class='ocr_carea' id='block_1_4' title="bbox 735 1047 2021 1654">
    <p class='ocr_par' dir='ltr' id='par_1_4' title="bbox 705 1047 2021 1654">
     <span class='ocr_line' id='line_1_5' title="bbox 736 1047 1945 1173; baseline -0.004 -37"><span class='ocrx_word' id='word_1_28' title='bbox 736 1056 782 1136; x_wconf 88' lang='lat' dir='ltr'><strong>lis</strong></span> <span class='ocrx_word' id='word_1_29' title='bbox 798 1054 890 1132; x_wconf 88' lang='lat' dir='ltr'><strong>haec</strong></span> <span class='ocrx_word' id='word_1_30' title='bbox 906 1050 1038 1168; x_wconf 77' lang='lat' dir='ltr'><strong>religio</strong></span> <span class='ocrx_word' id='word_1_31' title='bbox 1056 1049 1272 1170; x_wconf 39' lang='lat' dir='ltr'><strong>christiana·</strong></span> <span class='ocrx_word' id='word_1_32' title='bbox 1284 1047 1419 1173; x_wconf 75' lang='lat' dir='ltr'><strong>fuerat,</strong></span> <span class='ocrx_word' id='word_1_33' title='bbox 1444 1077 1538 1153; x_wconf 88' lang='lat' dir='ltr'><strong>quae</strong></span> <span class='ocrx_word' id='word_1_34' title='bbox 1564 1055 1605 1134; x_wconf 93' lang='lat' dir='ltr'><strong>in</strong></span> <span class='ocrx_word' id='word_1_35' title='bbox 1620 1050 1861 1171; x_wconf 77' lang='lat' dir='ltr'><strong>Chanenfiutn</strong></span> <span class='ocrx_word' id='word_1_36' title='bbox 1873 1078 1945 1169; x_wconf 74' lang='lat' dir='ltr'><strong>ue·</strong></span> 
     </span>
     <span class='ocr_line' id='line_1_6' title="bbox 737 1145 2021 1353; baseline 0.001 -16.976"><span class='ocrx_word' id='word_1_37' title='bbox 737 1145 1848 1353; x_wconf 54' lang='lat' dir='ltr'><strong>‘¹‘iiiii}’diiiffqdibzib&#39;iubffbitini}</strong></span> <span class='ocrx_word' id='word_1_38' title='bbox 1861 1153 1947 1337; x_wconf 62' lang='lat' dir='ltr'><strong>sid?</strong></span> <span class='ocrx_word' id='word_1_39' title='bbox 2016 1294 2021 1301; x_wconf 66' lang='grc'><strong>»</strong></span> 
     </span>
     <span class='ocr_line' id='line_1_7' title="bbox 735 1261 1946 1476; baseline 0.001 -41"><span class='ocrx_word' id='word_1_40' title='bbox 735 1261 844 1476; x_wconf 53' lang='lat' dir='ltr'><strong>{detio</strong></span> <span class='ocrx_word' id='word_1_41' title='bbox 866 1309 1142 1458; x_wconf 54' lang='lat' dir='ltr'><strong>praedicarunt?</strong></span> <span class='ocrx_word' id='word_1_42' title='bbox 1155 1351 1327 1470; x_wconf 26' lang='lat' dir='ltr'><strong>‘quilibet</strong></span> <span class='ocrx_word' id='word_1_43' title='bbox 1367 1348 1481 1470; x_wconf 38' lang='lat' dir='ltr'><strong>facile·</strong></span> <span class='ocrx_word' id='word_1_44' title='bbox 1497 1351 1561 1435; x_wconf 85' lang='lat' dir='ltr'><strong>[ibi</strong></span> <span class='ocrx_word' id='word_1_45' title='bbox 1585 1354 1834 1471; x_wconf 75' lang='lat' dir='ltr'><strong>persuadebit,</strong></span> <span class='ocrx_word' id='word_1_46' title='bbox 1865 1380 1946 1437; x_wconf 91' lang='lat' dir='ltr'><strong>nou</strong></span> 
     </span>
     <span class='ocr_line' id='line_1_8' title="bbox 739 1452 1944 1573; baseline -0.007 -32"><span class='ocrx_word' id='word_1_47' title='bbox 739 1459 847 1541; x_wconf 82' lang='lat' dir='ltr'><strong>altam</strong></span> <span class='ocrx_word' id='word_1_48' title='bbox 867 1481 992 1573; x_wconf 16' lang='lat' dir='ltr'><strong>&#39;quam</strong></span> <span class='ocrx_word' id='word_1_49' title='bbox 1018 1453 1326 1573; x_wconf 80' lang='lat' dir='ltr'><strong>Nestonauorum</strong></span> <span class='ocrx_word' id='word_1_50' title='bbox 1359 1452 1570 1570; x_wconf 74' lang='lat' dir='ltr'><strong>dodinnam</strong></span> <span class='ocrx_word' id='word_1_51' title='bbox 1604 1454 1734 1535; x_wconf 83' lang='lat' dir='ltr'><strong>docem</strong></span> <span class='ocrx_word' id='word_1_52' title='bbox 1774 1455 1944 1558; x_wconf 82' lang='lat' dir='ltr'><strong>potuiffe.</strong></span> 
     </span>
     <span class='ocr_line' id='line_1_9' title="bbox 740 1551 1946 1654; baseline -0.008 -11"><span class='ocrx_word' id='word_1_53' title='bbox 740 1562 889 1643; x_wconf 85' lang='lat' dir='ltr'><strong>Omnes</strong></span> <span class='ocrx_word' id='word_1_54' title='bbox 906 1557 980 1636; x_wconf 84' lang='lat' dir='ltr'><strong>fere</strong></span> <span class='ocrx_word' id='word_1_55' title='bbox 1003 1555 1209 1635; x_wconf 80' lang='lat' dir='ltr'><strong>homanum</strong></span> <span class='ocrx_word' id='word_1_56' title='bbox 1233 1554 1277 1634; x_wconf 89' lang='lat' dir='ltr'><strong>ad</strong></span> <span class='ocrx_word' id='word_1_57' title='bbox 1301 1552 1490 1634; x_wconf 75' lang='lat' dir='ltr'><strong>Christum</strong></span> <span class='ocrx_word' id='word_1_58' title='bbox 1518 1551 1803 1650; x_wconf 69' lang='lat' dir='ltr'><strong>contusiones,</strong></span> <span class='ocrx_word' id='word_1_59' title='bbox 1817 1578 1946 1654; x_wconf 83' lang='lat' dir='ltr'><strong>quaea</strong></span> 
     </span>
    </p>
   </div>
   <div class='ocr_carea' id='block_1_5' title="bbox 739 1649 2061 1758">
    <p class='ocr_par' dir='ltr' id='par_1_5' title="bbox 739 1649 2061 1758">
     <span class='ocr_line' id='line_1_10' title="bbox 739 1649 2061 1758; baseline -0.008 -16"><span class='ocrx_word' id='word_1_60' title='bbox 739 1655 891 1743; x_wconf 83' lang='lat' dir='ltr'><strong>saeculo</strong></span> <span class='ocrx_word' id='word_1_61' title='bbox 919 1661 963 1732; x_wconf 90' lang='lat' dir='ltr'><strong>V.</strong></span> <span class='ocrx_word' id='word_1_62' title='bbox 990 1680 1106 1746; x_wconf 83' lang='lat' dir='ltr'><strong>vsuue</strong></span> <span class='ocrx_word' id='word_1_63' title='bbox 1134 1655 1181 1734; x_wconf 86' lang='lat' dir='ltr'><strong>ad</strong></span> <span class='ocrx_word' id='word_1_64' title='bbox 1210 1657 1333 1733; x_wconf 87' lang='lat' dir='ltr'><strong>Xill.</strong></span> <span class='ocrx_word' id='word_1_65' title='bbox 1377 1655 1419 1734; x_wconf 93' lang='lat' dir='ltr'><strong>in</strong></span> <span class='ocrx_word' id='word_1_66' title='bbox 1444 1650 1521 1735; x_wconf 79' lang='lat' dir='ltr'><strong>usn</strong></span> <span class='ocrx_word' id='word_1_67' title='bbox 1537 1649 1836 1758; x_wconf 85' lang='lat' dir='ltr'><strong>¹septemtrionali</strong></span> <span class='ocrx_word' id='word_1_68' title='bbox 1861 1679 1949 1735; x_wconf 86' lang='lat' dir='ltr'><strong>eue·</strong></span> <span class='ocrx_word' id='word_1_69' title='bbox 2057 1681 2061 1686; x_wconf 93' lang='lat'>·</span> 
     </span>
    </p>
   </div>
   <div class='ocr_carea' id='block_1_6' title="bbox 626 1750 2039 3355">
    <p class='ocr_par' dir='ltr' id='par_1_6' title="bbox 626 1750 2039 2662">
     <span class='ocr_line' id='line_1_11' title="bbox 742 1750 1949 1858; baseline -0.005 -19"><span class='ocrx_word' id='word_1_70' title='bbox 742 1753 1126 1858; x_wconf 84' lang='lat' dir='ltr'><strong>nerunt,Nestorianis</strong></span> <span class='ocrx_word' id='word_1_71' title='bbox 1143 1757 1226 1834; x_wconf 82' lang='lat' dir='ltr'><strong>iunt</strong></span> <span class='ocrx_word' id='word_1_72' title='bbox 1240 1750 1466 1837; x_wconf 77' lang='lat' dir='ltr'><strong>tribuendae.</strong></span> <span class='ocrx_word' id='word_1_73' title='bbox 1509 1756 1582 1852; x_wconf 88' lang='lat' dir='ltr'><strong>Hi,</strong></span> <span class='ocrx_word' id='word_1_74' title='bbox 1600 1755 1705 1856; x_wconf 91' lang='lat' dir='ltr'><strong>quod</strong></span> <span class='ocrx_word' id='word_1_75' title='bbox 1719 1780 1766 1835; x_wconf 87' lang='lat' dir='ltr'><strong>ex</strong></span> <span class='ocrx_word' id='word_1_76' title='bbox 1792 1752 1949 1834; x_wconf 79' lang='lat' dir='ltr'><strong>historie</strong></span> 
     </span>
     <span class='ocr_line' id='line_1_12' title="bbox 742 1850 1950 1955; baseline -0.008 -13"><span class='ocrx_word' id='word_1_77' title='bbox 742 1882 879 1942; x_wconf 84' lang='lat' dir='ltr'><strong>eorum</strong></span> <span class='ocrx_word' id='word_1_78' title='bbox 896 1856 978 1935; x_wconf 82' lang='lat' dir='ltr'><strong>satis</strong></span> <span class='ocrx_word' id='word_1_79' title='bbox 1003 1854 1169 1952; x_wconf 82' lang='lat' dir='ltr'><strong>conflat,</strong></span> <span class='ocrx_word' id='word_1_80' title='bbox 1199 1850 1346 1932; x_wconf 88' lang='lat' dir='ltr'><strong>nullum</strong></span> <span class='ocrx_word' id='word_1_81' title='bbox 1362 1877 1443 1945; x_wconf 83' lang='lat' dir='ltr'><strong>non</strong></span> <span class='ocrx_word' id='word_1_82' title='bbox 1469 1877 1675 1935; x_wconf 78' lang='lat' dir='ltr'><strong>mouerunt</strong></span> <span class='ocrx_word' id='word_1_83' title='bbox 1697 1855 1879 1955; x_wconf 80' lang='lat' dir='ltr'>lapidem,</span> <span class='ocrx_word' id='word_1_84' title='bbox 1906 1873 1950 1933; x_wconf 91' lang='lat' dir='ltr'><strong>vt</strong></span> 
     </span>
     <span class='ocr_line' id='line_1_13' title="bbox 741 1952 1948 2069; baseline -0.007 -27"><span class='ocrx_word' id='word_1_85' title='bbox 741 1956 876 2043; x_wconf 78' lang='lat' dir='ltr'><strong>iediatn</strong></span> <span class='ocrx_word' id='word_1_86' title='bbox 894 1954 995 2039; x_wconf 83' lang='lat' dir='ltr'><strong>suam</strong></span> <span class='ocrx_word' id='word_1_87' title='bbox 1012 1977 1049 2036; x_wconf 85' lang='lat' dir='ltr'><strong>et</strong></span> <span class='ocrx_word' id='word_1_88' title='bbox 1065 1975 1309 2057; x_wconf 77' lang='lat' dir='ltr'>propagarent</span> <span class='ocrx_word' id='word_1_89' title='bbox 1327 1974 1364 2031; x_wconf 87' lang='lat' dir='ltr'><strong>et</strong></span> <span class='ocrx_word' id='word_1_90' title='bbox 1380 1952 1661 2055; x_wconf 82' lang='lat' dir='ltr'><strong>amplificarent.</strong></span> <span class='ocrx_word' id='word_1_91' title='bbox 1711 1959 1842 2069; x_wconf 86' lang='lat' dir='ltr'>Neque</span> <span class='ocrx_word' id='word_1_92' title='bbox 1867 1953 1891 2032; x_wconf 85' lang='lat' dir='ltr'>s</span> <span class='ocrx_word' id='word_1_93' title='bbox 1907 1976 1948 2034; x_wconf 83' lang='lat' dir='ltr'><strong>es</strong></span> 
     </span>
     <span class='ocr_line' id='line_1_14' title="bbox 742 2051 2039 2156; baseline -0.007 -15"><span class='ocrx_word' id='word_1_94' title='bbox 742 2084 812 2141; x_wconf 86' lang='lat' dir='ltr'><strong>eos</strong></span> <span class='ocrx_word' id='word_1_95' title='bbox 829 2054 975 2139; x_wconf 84' lang='lat' dir='ltr'><strong>fefellit:</strong></span> <span class='ocrx_word' id='word_1_96' title='bbox 992 2053 1116 2137; x_wconf 77' lang='lat' dir='ltr'><strong>multo</strong></span> <span class='ocrx_word' id='word_1_97' title='bbox 1133 2056 1236 2134; x_wconf 90' lang='lat' dir='ltr'><strong>enim</strong></span> <span class='ocrx_word' id='word_1_98' title='bbox 1253 2051 1395 2134; x_wconf 85' lang='lat' dir='ltr'><strong>felicius</strong></span> <span class='ocrx_word' id='word_1_99' title='bbox 1414 2052 1492 2133; x_wconf 87' lang='lat' dir='ltr'><strong>hoc</strong></span> <span class='ocrx_word' id='word_1_100' title='bbox 1516 2054 1712 2156; x_wconf 84' lang='lat' dir='ltr'>negotium</span> <span class='ocrx_word' id='word_1_101' title='bbox 1739 2051 1875 2132; x_wconf 77' lang='lat' dir='ltr'><strong>illisce</strong></span> <span class='ocrx_word' id='word_1_102' title='bbox 1903 2074 1951 2152; x_wconf 82' lang='lat' dir='ltr'><strong>at,</strong></span> <span class='ocrx_word' id='word_1_103' title='bbox 2035 2104 2039 2111; x_wconf 88' lang='lat'><em>-</em></span> 
     </span>
     <span class='ocr_line' id='line_1_15' title="bbox 743 2150 1952 2262; baseline -0.007 -22"><span class='ocrx_word' id='word_1_104' title='bbox 743 2183 857 2262; x_wconf 85' lang='lat' dir='ltr'><strong>quam</strong></span> <span class='ocrx_word' id='word_1_105' title='bbox 875 2180 1009 2238; x_wconf 87' lang='lat' dir='ltr'><strong>omues</strong></span> <span class='ocrx_word' id='word_1_106' title='bbox 1036 2150 1206 2236; x_wconf 85' lang='lat' dir='ltr'><strong>ecciefiae</strong></span> <span class='ocrx_word' id='word_1_107' title='bbox 1230 2158 1420 2235; x_wconf 78' lang='lat' dir='ltr'><strong>Romanae</strong></span> <span class='ocrx_word' id='word_1_108' title='bbox 1443 2153 1669 2254; x_wconf 80' lang='lat' dir='ltr'><strong>legationes,</strong></span> <span class='ocrx_word' id='word_1_109' title='bbox 1691 2177 1780 2256; x_wconf 90' lang='lat' dir='ltr'><strong>quas</strong></span> <span class='ocrx_word' id='word_1_110' title='bbox 1809 2152 1952 2256; x_wconf 84' lang='lat' dir='ltr'><strong>praedi·</strong></span> 
     </span>
     <span class='ocr_line' id='line_1_16' title="bbox 681 2249 1952 2362; baseline -0.006 -18"><span class='ocrx_word' id='word_1_111' title='bbox 681 2308 685 2314; x_wconf 93' lang='lat'><strong>·</strong></span> <span class='ocrx_word' id='word_1_112' title='bbox 743 2259 854 2343; x_wconf 84' lang='lat' dir='ltr'><strong>candi</strong></span> <span class='ocrx_word' id='word_1_113' title='bbox 875 2257 1058 2361; x_wconf 78' lang='lat' dir='ltr'><strong>euangelii</strong></span> <span class='ocrx_word' id='word_1_114' title='bbox 1084 2254 1199 2336; x_wconf 77' lang='lat' dir='ltr'><strong>cauda</strong></span> <span class='ocrx_word' id='word_1_115' title='bbox 1224 2255 1391 2336; x_wconf 85' lang='lat' dir='ltr'><strong>instituit.</strong></span> <span class='ocrx_word' id='word_1_116' title='bbox 1410 2334 1413 2339; x_wconf 84' lang='grc'><strong>,</strong></span> <span class='ocrx_word' id='word_1_117' title='bbox 1433 2253 1540 2362; x_wconf 76' lang='lat' dir='ltr'><strong>Quid</strong></span> <span class='ocrx_word' id='word_1_118' title='bbox 1564 2276 1658 2335; x_wconf 84' lang='lat' dir='ltr'><strong>veto</strong></span> <span class='ocrx_word' id='word_1_119' title='bbox 1678 2255 1762 2357; x_wconf 85' lang='lat' dir='ltr'><strong>post</strong></span> <span class='ocrx_word' id='word_1_120' title='bbox 1782 2249 1952 2336; x_wconf 78' lang='lat' dir='ltr'><strong>caedium</strong></span> 
     </span>
     <span class='ocr_line' id='line_1_17' title="bbox 743 2354 1951 2452; baseline -0.007 -9"><span class='ocrx_word' id='word_1_121' title='bbox 743 2361 869 2444; x_wconf 80' lang='lat' dir='ltr'><strong>hocce</strong></span> <span class='ocrx_word' id='word_1_122' title='bbox 893 2378 1188 2441; x_wconf 86' lang='lat' dir='ltr'><strong>monumentum</strong></span> <span class='ocrx_word' id='word_1_123' title='bbox 1209 2354 1425 2437; x_wconf 78' lang='lat' dir='ltr'><strong>Christianis</strong></span> <span class='ocrx_word' id='word_1_124' title='bbox 1438 2356 1479 2435; x_wconf 91' lang='lat' dir='ltr'><strong>in</strong></span> <span class='ocrx_word' id='word_1_125' title='bbox 1498 2354 1620 2435; x_wconf 86' lang='lat' dir='ltr'><strong>China</strong></span> <span class='ocrx_word' id='word_1_126' title='bbox 1634 2355 1852 2448; x_wconf 83' lang='lat' dir='ltr'><strong>euenerit,et</strong></span> <span class='ocrx_word' id='word_1_127' title='bbox 1866 2359 1951 2452; x_wconf 72' lang='lat' dir='ltr'><strong>auis</strong></span> 
     </span>
     <span class='ocr_line' id='line_1_18' title="bbox 746 2449 1954 2549; baseline -0.013 -4"><span class='ocrx_word' id='word_1_128' title='bbox 746 2465 802 2545; x_wconf 83' lang='lat' dir='ltr'><strong>rei</strong></span> <span class='ocrx_word' id='word_1_129' title='bbox 816 2462 1041 2545; x_wconf 75' lang='lat' dir='ltr'><strong>Christianae</strong></span> <span class='ocrx_word' id='word_1_130' title='bbox 1063 2457 1116 2537; x_wconf 92' lang='lat' dir='ltr'><strong>ibi</strong></span> <span class='ocrx_word' id='word_1_131' title='bbox 1141 2456 1253 2533; x_wconf 81' lang='lat' dir='ltr'><strong>fuerit</strong></span> <span class='ocrx_word' id='word_1_132' title='bbox 1277 2455 1407 2548; x_wconf 86' lang='lat' dir='ltr'><strong>status,</strong></span> <span class='ocrx_word' id='word_1_133' title='bbox 1428 2477 1546 2548; x_wconf 79' lang='lat' dir='ltr'><strong>quum</strong></span> <span class='ocrx_word' id='word_1_134' title='bbox 1561 2449 1676 2528; x_wconf 80' lang='lat' dir='ltr'><strong>defiat</strong></span> <span class='ocrx_word' id='word_1_135' title='bbox 1694 2471 1954 2549; x_wconf 83' lang='lat' dir='ltr'><strong>monumenta,</strong></span> 
     </span>
     <span class='ocr_line' id='line_1_19' title="bbox 626 2546 1952 2662; baseline -0.014 -14"><span class='ocrx_word' id='word_1_136' title='bbox 626 2586 654 2648; x_wconf 84' lang='grc'><strong>.·</strong></span> <span class='ocrx_word' id='word_1_137' title='bbox 745 2566 887 2662; x_wconf 80' lang='lat' dir='ltr'><strong>exponi</strong></span> <span class='ocrx_word' id='word_1_138' title='bbox 904 2585 950 2636; x_wconf 87' lang='lat' dir='ltr'><strong>ne</strong></span> <span class='ocrx_word' id='word_1_139' title='bbox 977 2561 1043 2636; x_wconf 87' lang='lat' dir='ltr'><strong>uit.</strong></span> <span class='ocrx_word' id='word_1_140' title='bbox 1094 2548 1170 2631; x_wconf 83' lang='lat' dir='ltr'><strong>Niii</strong></span> <span class='ocrx_word' id='word_1_141' title='bbox 1195 2550 1300 2659; x_wconf 89' lang='lat' dir='ltr'><strong>quod</strong></span> <span class='ocrx_word' id='word_1_142' title='bbox 1324 2546 1539 2658; x_wconf 84' lang='lat' dir='ltr'><strong>indubitatis</strong></span> <span class='ocrx_word' id='word_1_143' title='bbox 1563 2548 1785 2629; x_wconf 85' lang='lat' dir='ltr'><strong>testimoniis</strong></span> <span class='ocrx_word' id='word_1_144' title='bbox 1812 2548 1952 2630; x_wconf 83' lang='lat' dir='ltr'><strong>confit·</strong></span> 
     </span>
    </p>

    <p class='ocr_par' dir='ltr' id='par_1_7' title="bbox 746 2584 1999 3355">
     <span class='ocr_line' id='line_1_20' title="bbox 746 2584 1999 2759; baseline -0.005 -16"><span class='ocrx_word' id='word_1_145' title='bbox 746 2659 841 2744; x_wconf 86' lang='lat' dir='ltr'><strong>mati</strong></span> <span class='ocrx_word' id='word_1_146' title='bbox 859 2584 998 2759; x_wconf 78' lang='lat' dir='ltr'><strong>poted,</strong></span> <span class='ocrx_word' id='word_1_147' title='bbox 1020 2649 1264 2731; x_wconf 82' lang='lat' dir='ltr'><strong>Christianam</strong></span> <span class='ocrx_word' id='word_1_148' title='bbox 1281 2645 1502 2748; x_wconf 81' lang='lat' dir='ltr'><strong>religionem</strong></span> <span class='ocrx_word' id='word_1_149' title='bbox 1514 2647 1579 2727; x_wconf 91' lang='lat' dir='ltr'><strong>diu</strong></span> <span class='ocrx_word' id='word_1_150' title='bbox 1594 2648 1799 2733; x_wconf 87' lang='lat' dir='ltr'><strong>admodum</strong></span> <span class='ocrx_word' id='word_1_151' title='bbox 1820 2649 1952 2734; x_wconf 91' lang='lat' dir='ltr'><strong>inhoc</strong></span> <span class='ocrx_word' id='word_1_152' title='bbox 1995 2731 1999 2737; x_wconf 90' lang='grc'><em>,</em></span> 
     </span>
     <span class='ocr_line' id='line_1_21' title="bbox 747 2747 1955 2861; baseline -0.007 -19"><span class='ocrx_word' id='word_1_153' title='bbox 747 2778 868 2861; x_wconf 80' lang='lat' dir='ltr'><strong>regno</strong></span> <span class='ocrx_word' id='word_1_154' title='bbox 890 2750 1077 2846; x_wconf 78' lang='lat' dir='ltr'><strong>floruisse,</strong></span> <span class='ocrx_word' id='word_1_155' title='bbox 1117 2754 1244 2832; x_wconf 87' lang='lat' dir='ltr'><strong>immo</strong></span> <span class='ocrx_word' id='word_1_156' title='bbox 1261 2771 1353 2830; x_wconf 86' lang='lat' dir='ltr'><strong>vero</strong></span> <span class='ocrx_word' id='word_1_157' title='bbox 1382 2747 1579 2830; x_wconf 80' lang='lat' dir='ltr'><strong>Christiani</strong></span> <span class='ocrx_word' id='word_1_158' title='bbox 1612 2752 1778 2832; x_wconf 87' lang='lat' dir='ltr'><strong>nominis</strong></span> <span class='ocrx_word' id='word_1_159' title='bbox 1804 2776 1955 2834; x_wconf 81' lang='lat' dir='ltr'><strong>mento·</strong></span> 
     </span>
     <span class='ocr_line' id='line_1_22' title="bbox 748 2848 1953 2956; baseline -0.005 -15"><span class='ocrx_word' id='word_1_160' title='bbox 748 2859 846 2941; x_wconf 81' lang='lat' dir='ltr'><strong>riam</strong></span> <span class='ocrx_word' id='word_1_161' title='bbox 880 2850 1068 2956; x_wconf 83' lang='lat' dir='ltr'><strong>usquead</strong></span> <span class='ocrx_word' id='word_1_162' title='bbox 1098 2848 1298 2933; x_wconf 83' lang='lat' dir='ltr'><strong>nouiffima</strong></span> <span class='ocrx_word' id='word_1_163' title='bbox 1311 2869 1504 2952; x_wconf 54' lang='lat' dir='ltr'><strong>‘tempore‘</strong></span> <span class='ocrx_word' id='word_1_164' title='bbox 1530 2870 1568 2929; x_wconf 90' lang='lat' dir='ltr'><strong>et</strong></span> <span class='ocrx_word' id='word_1_165' title='bbox 1592 2849 1878 2934; x_wconf 84' lang='lat' dir='ltr'><strong>Pontificiorum</strong></span> <span class='ocrx_word' id='word_1_166' title='bbox 1911 2855 1953 2935; x_wconf 89' lang='lat' dir='ltr'><strong>iu</strong></span> 
     </span>
     <span class='ocr_line' id='line_1_23' title="bbox 749 2946 1954 3131; baseline -0.003 -91"><span class='ocrx_word' id='word_1_167' title='bbox 749 2956 914 3041; x_wconf 82' lang='lat' dir='ltr'><strong>Chintm</strong></span> <span class='ocrx_word' id='word_1_168' title='bbox 939 2953 1142 3034; x_wconf 87' lang='lat' dir='ltr'><strong>aduentum</strong></span> <span class='ocrx_word' id='word_1_169' title='bbox 1178 2972 1260 3031; x_wconf 89' lang='lat' dir='ltr'><strong>non</strong></span> <span class='ocrx_word' id='word_1_170' title='bbox 1286 2949 1396 3131; x_wconf 61' lang='lat' dir='ltr'><strong>plane</strong></span> <span class='ocrx_word' id='word_1_171' title='bbox 1428 2946 1531 3029; x_wconf 82' lang='lat' dir='ltr'><strong>fuiffe</strong></span> <span class='ocrx_word' id='word_1_172' title='bbox 1553 2947 1781 3033; x_wconf 74' lang='lat' dir='ltr'><strong>exstinuam.</strong></span> <span class='ocrx_word' id='word_1_173' title='bbox 1857 2960 1954 3036; x_wconf 86' lang='lat' dir='ltr'><strong>Saue</strong></span> 
     </span>
     <span class='ocr_line' id='line_1_24' title="bbox 752 3049 1954 3142; baseline -0.003 -2"><span class='ocrx_word' id='word_1_174' title='bbox 752 3081 857 3142; x_wconf 76' lang='lat' dir='ltr'><strong>auno</strong></span> <span class='ocrx_word' id='word_1_175' title='bbox 884 3053 1191 3136; x_wconf 80' lang='lat' dir='ltr'>DCCCLXXVH.</span> <span class='ocrx_word' id='word_1_176' title='bbox 1218 3074 1360 3134; x_wconf 88' lang='lat' dir='ltr'><strong>mutos</strong></span> <span class='ocrx_word' id='word_1_177' title='bbox 1389 3049 1623 3140; x_wconf 81' lang='lat' dir='ltr'><strong>Christianos</strong></span> <span class='ocrx_word' id='word_1_178' title='bbox 1643 3054 1684 3132; x_wconf 92' lang='lat' dir='ltr'><strong>in</strong></span> <span class='ocrx_word' id='word_1_179' title='bbox 1706 3050 1846 3135; x_wconf 84' lang='lat' dir='ltr'><strong>Masana</strong></span> <span class='ocrx_word' id='word_1_180' title='bbox 1877 3052 1954 3136; x_wconf 86' lang='lat' dir='ltr'><strong>fine</strong></span> 
     </span>
     <span class='ocr_line' id='line_1_25' title="bbox 750 3149 1952 3244; baseline -0.009 0"><span class='ocrx_word' id='word_1_181' title='bbox 750 3153 989 3244; x_wconf 78' lang='lat' dir='ltr'><strong>meridionali</strong></span> <span class='ocrx_word' id='word_1_182' title='bbox 1005 3156 1092 3233; x_wconf 84' lang='lat' dir='ltr'><strong>Sina</strong></span> <span class='ocrx_word' id='word_1_183' title='bbox 1112 3150 1284 3233; x_wconf 78' lang='lat' dir='ltr'><strong>exstitisse</strong></span> <span class='ocrx_word' id='word_1_184' title='bbox 1299 3149 1437 3232; x_wconf 82' lang='lat' dir='ltr'><strong>necesse</strong></span> <span class='ocrx_word' id='word_1_185' title='bbox 1451 3151 1521 3233; x_wconf 82' lang='lat' dir='ltr'><strong>est:</strong></span> <span class='ocrx_word' id='word_1_186' title='bbox 1549 3176 1635 3232; x_wconf 89' lang='lat' dir='ltr'><strong>nam</strong></span> <span class='ocrx_word' id='word_1_187' title='bbox 1650 3152 1812 3235; x_wconf 82' lang='lat' dir='ltr'><strong>iliorum</strong></span> <span class='ocrx_word' id='word_1_188' title='bbox 1861 3153 1952 3233; x_wconf 85' lang='lat' dir='ltr'><strong>luti·</strong></span> 
     </span>
     <span class='ocr_line' id='line_1_26' title="bbox 753 3180 1955 3355; baseline -0.004 -13"><span class='ocrx_word' id='word_1_189' title='bbox 753 3282 843 3342; x_wconf 89' lang='lat' dir='ltr'><strong>mos</strong></span> <span class='ocrx_word' id='word_1_190' title='bbox 860 3275 1060 3339; x_wconf 74' lang='lat' dir='ltr'><strong>nntcuv</strong></span> <span class='ocrx_word' id='word_1_191' title='bbox 1094 3254 1266 3354; x_wconf 79' lang='lat' dir='ltr'><strong>quidam,</strong></span> <span class='ocrx_word' id='word_1_192' title='bbox 1293 3253 1499 3334; x_wconf 76' lang='lat' dir='ltr'><strong>asinarum</strong></span> <span class='ocrx_word' id='word_1_193' title='bbox 1525 3257 1750 3355; x_wconf 72' lang='lat' dir='ltr'><strong>Imperatore</strong></span> <span class='ocrx_word' id='word_1_194' title='bbox 1775 3180 1955 3337; x_wconf 67' lang='lat' dir='ltr'><strong>dedciens</strong></span> 
     </span>
    </p>
   </div>
   <div class='ocr_carea' id='block_1_7' title="bbox 751 3351 2064 3457">
    <p class='ocr_par' dir='ltr' id='par_1_8' title="bbox 751 3351 2064 3457">
     <span class='ocr_line' id='line_1_27' title="bbox 751 3351 2064 3457; baseline -0.004 -16"><span class='ocrx_word' id='word_1_195' title='bbox 751 3362 795 3442; x_wconf 89' lang='lat' dir='ltr'><strong>in</strong></span> <span class='ocrx_word' id='word_1_196' title='bbox 812 3359 905 3441; x_wconf 88' lang='lat' dir='ltr'><strong>vrbe</strong></span> <span class='ocrx_word' id='word_1_197' title='bbox 921 3360 1062 3456; x_wconf 63' lang='lat' dir='ltr'><strong>Carya,</strong></span> <span class='ocrx_word' id='word_1_198' title='bbox 1076 3378 1170 3457; x_wconf 85' lang='lat' dir='ltr'><strong>quae</strong></span> <span class='ocrx_word' id='word_1_199' title='bbox 1187 3355 1327 3437; x_wconf 80' lang='lat' dir='ltr'><strong>Cunton&#39;</strong></span> <span class='ocrx_word' id='word_1_200' title='bbox 1349 3352 1467 3434; x_wconf 87' lang='lat' dir='ltr'><strong>hodie</strong></span> <span class='ocrx_word' id='word_1_201' title='bbox 1482 3377 1658 3453; x_wconf 76' lang='lat' dir='ltr'><strong>vocatur,</strong></span> <span class='ocrx_word' id='word_1_202' title='bbox 1673 3354 1864 3436; x_wconf 74' lang='lat' dir='ltr'><strong>trucidasse·</strong></span> <span class='ocrx_word' id='word_1_203' title='bbox 1882 3351 1955 3436; x_wconf 81' lang='lat' dir='ltr'><strong>fer·</strong></span> <span class='ocrx_word' id='word_1_204' title='bbox 2061 3393 2064 3398; x_wconf 95' lang='lat'>·</span> 
     </span>
    </p>
   </div>
   <div class='ocr_carea' id='block_1_8' title="bbox 753 3456 2044 3860">
    <p class='ocr_par' dir='ltr' id='par_1_9' title="bbox 753 3456 2044 3860">
     <span class='ocr_line' id='line_1_28' title="bbox 753 3456 1955 3558; baseline -0.004 -17"><span class='ocrx_word' id='word_1_205' title='bbox 753 3481 826 3546; x_wconf 85' lang='lat' dir='ltr'><strong>tur.</strong></span> <span class='ocrx_word' id='word_1_206' title='bbox 853 3460 905 3555; x_wconf 89' lang='lat' dir='ltr'><strong>(i)</strong></span> <span class='ocrx_word' id='word_1_207' title='bbox 933 3457 1098 3535; x_wconf 78' lang='lat' dir='ltr'><strong>Exhibet</strong></span> <span class='ocrx_word' id='word_1_208' title='bbox 1117 3480 1274 3558; x_wconf 86' lang='lat' dir='ltr'><strong>quoque</strong></span> <span class='ocrx_word' id='word_1_209' title='bbox 1296 3475 1390 3537; x_wconf 74' lang='lat' dir='ltr'><strong>nus.</strong></span> <span class='ocrx_word' id='word_1_210' title='bbox 1409 3475 1757 3537; x_wconf 72' lang='lat' dir='ltr'><strong>nennvnon’ve</strong></span> <span class='ocrx_word' id='word_1_211' title='bbox 1779 3456 1846 3556; x_wconf 83' lang='lat' dir='ltr'><strong>(k)</strong></span> <span class='ocrx_word' id='word_1_212' title='bbox 1872 3481 1955 3538; x_wconf 82' lang='lat' dir='ltr'><strong>nat·</strong></span> 
     </span>
     <span class='ocr_line' id='line_1_29' title="bbox 755 3556 2044 3656; baseline -0.007 -12"><span class='ocrx_word' id='word_1_213' title='bbox 755 3566 949 3652; x_wconf 81' lang='lat' dir='ltr'><strong>rationem</strong></span> <span class='ocrx_word' id='word_1_214' title='bbox 965 3556 1093 3635; x_wconf 76' lang='lat' dir='ltr'><strong>Ambit</strong></span> <span class='ocrx_word' id='word_1_215' title='bbox 1113 3557 1308 3637; x_wconf 84' lang='lat' dir='ltr'><strong>cuiusdam</strong></span> <span class='ocrx_word' id='word_1_216' title='bbox 1331 3559 1493 3635; x_wconf 90' lang='lat' dir='ltr'><strong>nomine</strong></span> <span class='ocrx_word' id='word_1_217' title='bbox 1512 3573 1611 3634; x_wconf 74' lang='lat' dir='ltr'><strong>eeu</strong></span> <span class='ocrx_word' id='word_1_218' title='bbox 1645 3575 1848 3653; x_wconf 76' lang='lat' dir='ltr'><strong>nunna,</strong></span> <span class='ocrx_word' id='word_1_219' title='bbox 1887 3558 1956 3656; x_wconf 84' lang='lat' dir='ltr'><strong>qui</strong></span> <span class='ocrx_word' id='word_1_220' title='bbox 2031 3569 2044 3588; x_wconf 59' lang='lat'>‘</span> 
     </span>
     <span class='ocr_line' id='line_1_30' title="bbox 754 3649 1954 3759; baseline -0.006 -18"><span class='ocrx_word' id='word_1_221' title='bbox 754 3656 902 3744; x_wconf 79' lang='lat' dir='ltr'><strong>saeculo</strong></span> <span class='ocrx_word' id='word_1_222' title='bbox 917 3656 1026 3734; x_wconf 71' lang='lat' dir='ltr'><strong>iiiia</strong></span> <span class='ocrx_word' id='word_1_223' title='bbox 1040 3652 1202 3743; x_wconf 65' lang='lat' dir='ltr'><strong>,Chinam</strong></span> <span class='ocrx_word' id='word_1_224' title='bbox 1219 3676 1295 3733; x_wconf 83' lang='lat' dir='ltr'><strong>etat</strong></span> <span class='ocrx_word' id='word_1_225' title='bbox 1313 3649 1523 3752; x_wconf 78' lang='lat' dir='ltr'><strong>profedius,</strong></span> <span class='ocrx_word' id='word_1_226' title='bbox 1552 3652 1678 3752; x_wconf 87' lang='lat' dir='ltr'><strong>ibique</strong></span> <span class='ocrx_word' id='word_1_227' title='bbox 1690 3678 1779 3731; x_wconf 87' lang='lat' dir='ltr'><strong>cum</strong></span> <span class='ocrx_word' id='word_1_228' title='bbox 1794 3658 1954 3759; x_wconf 84' lang='lat' dir='ltr'><strong>impera·</strong></span> 
     </span>
     <span class='ocr_line' id='line_1_31' title="bbox 754 3747 1956 3860; baseline -0.002 -19"><span class='ocrx_word' id='word_1_229' title='bbox 754 3782 843 3844; x_wconf 84' lang='lat' dir='ltr'><strong>tore</strong></span> <span class='ocrx_word' id='word_1_230' title='bbox 871 3752 1099 3837; x_wconf 86' lang='lat' dir='ltr'><strong>collocutus.</strong></span> <span class='ocrx_word' id='word_1_231' title='bbox 1172 3749 1398 3834; x_wconf 83' lang='lat' dir='ltr'><strong>Ostendebat</strong></span> <span class='ocrx_word' id='word_1_232' title='bbox 1435 3747 1501 3854; x_wconf 83' lang='lat' dir='ltr'><strong>ipfi</strong></span> <span class='ocrx_word' id='word_1_233' title='bbox 1538 3756 1748 3857; x_wconf 76' lang='lat' dir='ltr'><strong>imperator</strong></span> <span class='ocrx_word' id='word_1_234' title='bbox 1773 3753 1956 3860; x_wconf 81' lang='lat' dir='ltr'><strong>imagines</strong></span> 
     </span>
    </p>
   </div>
   <div class='ocr_carea' id='block_1_9' title="bbox 1847 3877 1956 3960">
    <p class='ocr_par' dir='ltr' id='par_1_10' title="bbox 1847 3877 1956 3960">
     <span class='ocr_line' id='line_1_32' title="bbox 1847 3877 1956 3960; baseline -0.009 -21"><span class='ocrx_word' id='word_1_235' title='bbox 1847 3877 1956 3960; x_wconf 79' lang='lat' dir='ltr'><strong>uon·</strong></span> 
     </span>
    </p>
   </div>
   <div class='ocr_carea' id='block_1_10' title="bbox 798 4071 1564 4284">
    <p class='ocr_par' dir='ltr' id='par_1_11' title="bbox 798 4071 1564 4284">
     <span class='ocr_line' id='line_1_33' title="bbox 798 4071 1556 4175; baseline -0.017 -19"><span class='ocrx_word' id='word_1_236' title='bbox 798 4088 839 4175; x_wconf 73' lang='grc' dir='ltr'><strong>ω</strong></span> <span class='ocrx_word' id='word_1_237' title='bbox 859 4102 942 4155; x_wconf 79' lang='lat' dir='ltr'><strong>eve.</strong></span> <span class='ocrx_word' id='word_1_238' title='bbox 961 4071 1556 4169; x_wconf 67' lang='lat' dir='ltr'><strong>anenvnouancitam.rtlat·p.5t.fl</strong></span> 
     </span>
     <span class='ocr_line' id='line_1_34' title="bbox 798 4181 1564 4284; baseline -0.021 0"><span class='ocrx_word' id='word_1_239' title='bbox 798 4182 1124 4284; x_wconf 57' lang='lat' dir='ltr'><strong>didimi-bf</strong></span> <span class='ocrx_word' id='word_1_240' title='bbox 1561 4181 1564 4186; x_wconf 78' lang='grc'>’</span> 
     </span>
    </p>
   </div>
   <div class='ocr_carea' id='block_1_11' title="bbox 0 0 2464 5200">
    <p class='ocr_par' dir='ltr' id='par_1_12' title="bbox 0 0 2464 5200">
     <span class='ocr_line' id='line_1_35' title="bbox 0 0 2464 5200; baseline 0 0"><span class='ocrx_word' id='word_1_241' title='bbox 0 0 2464 5200; x_wconf 95' lang='lat' dir='ltr'><strong> </strong></span> 
     </span>
    </p>
   </div>
  </div>
 </body>
</html>
