4859 5200
1186 631 1294 734 eto.)
1318 657 1387 716 100
1413 634 1430 732 (
1455 644 1512 715 i·

743 785 829 874 giam
852 795 908 874 ptr
932 774 1013 846 aiios
1037 767 1155 871 nostor
1182 770 1329 858 litteras,
1359 792 1440 868 quos
1456 767 1580 865 stncera
1604 774 1723 841 caritas
1741 770 1900 868 produxit
1921 779 1958 843 in

683 862 686 879 ²
749 877 904 966 medium,
931 874 1083 946 duximus
1099 867 1251 942 haidenus
1267 867 1484 966 irassteudum,
1501 889 1542 938 ut
1551 867 1680 961 sacrum
1701 871 1852 967 baptisma
1879 881 1957 945 reci·

744 998 858 1078 peres,
887 997 979 1074 teque
1005 971 1199 1070 Chrissianot
1216 969 1299 1066 fidei
1322 971 1432 1043 titulis
1454 969 1636 1066 insgnires,
1670 992 1711 1041 vt
1734 981 1769 1043 in
1794 973 1956 1070 conspiciat

751 1070 849 1172 Regis
867 1073 1023 1174 altisoni,
1049 1082 1106 1174 qni
1121 1080 1285 1145 virtutum
1301 1079 1440 1142 omniunt
1464 1090 1608 1168 operator
1632 1069 1770 1166 caeleste
1778 1074 1895 1167 smus,
1924 1096 1957 1146 et

753 1198 880 1250 terrena
897 1175 1055 1272 disponit,
1072 1194 1187 1269 gratus
1204 1193 1236 1244 et
1251 1192 1603 1269 acceptus-occurreres,
1621 1172 1720 1243 honor
1737 1183 1838 1268 regius
1855 1183 1957 1247 intra·

754 1299 861 1349 menta
886 1275 1078 1374 susciperet,
1103 1295 1136 1346 et
1152 1288 1322 1368 augeretur
1343 1281 1379 1344 in
1402 1275 1527 1369 populis
1543 1280 1686 1365 gentium
1711 1298 1824 1346 nornen
1846 1296 1954 1365 tuum,

753 1396 853 1478 tuque
862 1377 957 1472 soma
976 1396 1008 1448 es
1033 1376 1159 1446 viribus
1182 1373 1329 1466 cresceres
1353 1371 1514 1445 laudando
1540 1371 1784 1470 Christianorum
1807 1376 1963 1469 consortio.

754 1481 931 1578 copulatur.
982 1479 1062 1550 Cum
1080 1496 1187 1548 autem
1206 1472 1307 1573 nofler
1332 1473 1513 1547 huiusmodi
1536 1480 1618 1544 tiraa
1637 1494 1669 1544 te
1692 1468 1842 1575 t'uantque
1861 1475 1957 1569 salu·

753 1600 819 1653 ttnt
836 1576 1153 1679 estisne-exuberet,
1169 1597 1262 1675 teque
1285 1573 1355 1673 t‘pfis
1361 1571 1446 1670 fidei
1469 1580 1628 1668 aggregari
1651 1575 1824 1647 cultoribus
1847 1585 1956 1674 cupia-

753 1700 841 1772 mut,
864 1677 1124 1775 Magnitudinem
1140 1698 1229 1749 tuam
1239 1674 1341 1770 ,scut
1356 1683 1472 1748 iterum
1482 1676 1542 1770 ,fic
1556 1683 1713 1753 attentius
1730 1697 1763 1746 et
1785 1677 1955 1772 instantius

669 1792 673 1799 '
754 1777 930 1874 rogandam
950 1778 1103 1849 duximus
1124 1798 1157 1847 et
1179 1775 1388 1866 hortandam,
1423 1775 1484 1845 tibi
1508 1782 1684 1848 ete-intimo
1713 1775 1816 1849 cordis
1837 1773 1964 1876 offefdu

753 1875 1161 1970 nihilominussuadentes,
1188 1896 1345 1973 quatenus
1359 1877 1529 1967 diligenter
1544 1874 1757 1966 confiderunt,
1775 1898 1808 1947 et
1814 1879 1957 1975 pruden-

753 1986 805 2051 'ter
819 1977 1011 2067 aduertens,
1026 1975 1123 2077 §quod
1142 2000 1210 2046 curn
1225 1973 1376 2046 dileiium
1391 1975 1495 2064 slsum
1518 1975 1652 2045 nobilem
1675 1983 1784 2048 virum
1816 2003 1842 2052 N
1855 2001 1868 2052 1
1880 2005 1906 2056 c
1916 2003 1955 2054 ο.

753 2096 882 2155 ιΑνκ
909 2100 1021 2151 natum
1040 2097 1159 2166 tuutn,
1185 2093 1278 2175 quesn
1296 2070 1784 2174 offodiouesnaeradiligimus,
1811 2100 1843 2150 ot
1857 2079 1956 2175 fauo·

662 2226 664 2231 ·
754 2177 1017 2283 reprosequitnur
1031 2177 1174 2276 spetiali,
1189 2175 1312 2270 seceris
1336 2201 1400 2248 non
1420 2176 1487 2267 sne
1515 2175 1648 2247 laudum
1671 2178 1773 2274 amplo
1790 2191 1959 2275 praeconia

754 2281 920 2380 baptizati
929 2308 941 2350 .·
961 2280 1092 2376 dignunt
1109 2298 1141 2350 et
1157 2279 1271 2353 detaut
1286 2275 1367 2370 -sore
1383 2275 1592 2372 dignoscitur,
1616 2298 1657 2348 vt
1673 2277 1766 2351 etad
1787 2303 1861 2352 tuoe
1884 2284 1957 2356 lau.

754 2378 882 2454 dundee
911 2388 1101 2454 intentionis
1123 2377 1314 2477 propostutn
1342 2387 1484 2474 apertius
1509 2377 1748 2475 exprimendum
1769 2382 1959 2478 praefatum

752 2481 908 2582 baptisma
915 2480 977 2578 sub
993 2488 1109 2555 mentis
1123 2478 1291 2552 deuotione
1305 2486 1456 2574 recipias,
1479 2500 1516 2549 et
1528 2477 1734 2571 Qorisiianotn
1742 2480 1860 2576 fidem,
1876 2513 1958 2584 quae

738 2586 894 2668 ¹ituntotto
920 2584 1079 2657 illuminat
1098 2578 1247 2678 peHora,
1272 2601 1304 2651 st
1316 2577 1387 2674 sne
1411 2605 1475 2678 qua
1497 2580 1618 2676 placere
1643 2581 1821 2657 Deouana
1839 2587 1955 2687 potes,

745 2683 905 2783 submotis
922 2684 1087 2785 quibusuis
1103 2681 1282 2778 obstaculis,
1307 2701 1340 2752 et
1365 2679 1598 2778 impedimentis
1621 2683 1812 2781 quibuslibet
1835 2697 1959 2763 eminus

753 2788 922 2880 relegitis,
944 2804 1110 2879 promptus
1126 2779 1257 2874 asamar
1275 2779 1491 2874 conflantibus·
1510 2788 1628 2851 animis
1650 2783 1952 2879 obseruandaaa‚=ac

730 2878 920 2974 uniuersos
937 2880 1134 2976 Christicolas
1149 2887 1184 2949 in
1201 2886 1298 2949 terris
1315 2885 1366 2949 tui
1380 2878 1515 2950 dominii
1529 2878 1734 2977 tottssie'ntes,
1761 2887 1875 2960 babens
1890 2889 1952 2984 sa·
2010 2955 2018 2968 ,

732 2980 945 3057 vorabimus
960 2977 1205 3069 commendatos,
1234 2985 1343 3078 eisque
1366 2998 1399 3049 te
1421 2978 1558 3052 reddens
1576 2988 1612 3053 in
1628 2980 1750 3075 fauore
1773 2987 1953 3086 munificum

745 3104 787 3168 „tt
802 3081 989 3177 benignum,
1015 3077 1095 3178 ipsos
1111 3098 1186 3154 tuae
1196 3088 1358 3177 potentiae
1372 3080 1497 3153 brachio
1515 3092 1657 3174 tuearis,
1680 3108 1720 3157 vt
1728 3109 1788 3185 per
1804 3091 1954 3168 donarunt

753 3192 1101 3280 autitiutnoperutn,
1123 3179 1189 3278 pos
1213 3188 1304 3252 vitoe
1325 3178 1498 3278 praes‘entis
1523 3181 1704 3277 excussant,
1732 3214 1813 3288 quea
1837 3195 1955 3270 numm

744 3281 976 3362 ,certitudinem
987 3281 1094 3381 sotus
1108 3282 1219 3374 uuirt,
1234 3280 1288 3355 'ad
1302 3282 1460 3381 supernae
1486 3281 1697 3359 beatitudinis
1714 3301 1859 3387 patriam
1876 3318 1952 3396 ptr.

751 3384 902 3478 ducatis,
925 3392 1070 3480 aeternis
1075 3382 1208 3481 gaudiis
1224 3408 1293 3457 cutn
1318 3381 1427 3468 eleHis
1449 3392 1562 3464 ceteris
1581 3396 1757 3487 potiturus.
1810 3398 1955 3474 cerm

706 3557 712 3566 .
740 3488 778 3586 s
791 3514 845 3580 aa,
870 3513 951 3588 quae
970 3507 1030 3583 per
1047 3486 1188 3557 eumdem
1214 3488 1384 3560 Nuntium
1408 3485 1469 3558 siis·
1490 3484 1646 3585 postulasti
1668 3500 1867 3590 transmitti,
1890 3525 1954 3574 non

740 3597 943 3675 ntittitnus,
959 3584 1113 3681 Celstudo
1131 3586 1229 3679 Regia
1244 3611 1308 3658 nott
1326 3592 1479 3676 miretur,
1505 3595 1653 3685 quoniam
1668 3593 1884 3692 nos-pensinae
1898 3609 1953 3672 uti

748 3686 977 3784 Eeclssasiieae
1000 3684 1093 3778 usum
1115 3684 1213 3778 tultos
1236 3710 1301 3759 nou
1325 3685 1484 3774 habemus.
1534 3690 1595 3762 Ad
1615 3691 1689 3763 haec
1714 3693 1846 3770 diluisse
1861 3695 1954 3794 slios
1986 3739 1990 3744 ·

740 3786 873 3884 ,sratres
898 3809 1220 3863 estuatotvu
1245 3767 1285 3859 de
1302 3809 1482 3864 cassato
1508 3788 1792 3870 Paenitentiariuru
1805 3797 1954 3898 nostum,

737 3909 796 3973 ut,
812 3909 1013 3966 unsrun
1024 3913 1118 3985 tastu
1144 3884 1186 3960 de
1200 3893 1333 3961 uiuitur
1350 3890 1510 3985 Thestius
1520 3891 1653 3967 Ordinis
1661 3896 1827 3973 Minorutn
1834 3904 1955 3987 suoru

730 4047 740 4090 Ι.
742 3987 983 4091 praesentium,
1000 4012 1079 4088 quos
1095 3987 1142 4061 ad
1148 3985 1369 4088 praesentiam}
1384 3979 1586 4091 Regiau'sro
1611 4014 1669 4068 tua
1690 3985 1827 4100 tuaeque
1844 3987 1954 4100 garris

720 4082 726 4092 ⁵
740 4089 850 4187 salute
872 4085 1063 4190 destinarunt
1088 4147 1106 4181 „
1133 4109 1212 4190 psa.
1225 4082 1420 4189 Asoslodieae
1454 4093 1548 4168 Sedis
1562 4091 1595 4168 et
1611 4093 1714 4194 nostra
1734 4097 1952 4201 ⁸reuerentia,

732 4191 877 4288 moigne
901 4197 1049 4292 recipias,
1079 4210 1112 4263 et
1127 4187 1360 4296 fauorabilittr
1376 4190 1615 4296 prosequaris,
1628 4199 1758 4299 istoque
1780 4201 1953 4302 diiigerrer

1893 4329 1953 4381 au·

1628 4470 1759 4546 ,ἓν
