4859 5200
1192 623 1290 716 <U
1315 641 1381 699 ¹²0
1404 623 1422 713 i
1447 629 1505 713 i·

755 746 907 827 eiecere.
932 741 998 842 (b)
1037 746 1181 830 Eodem
1211 770 1291 849 quo
1305 749 1467 846 Tartari,
1496 744 1576 829 fet‘o
1590 749 1793 832 maximam
1811 752 1953 839 patrem
2064 761 2067 764 ’

760 839 1054 928 Christianorum
1072 846 1144 930 effe
1164 804 1354 950 dandam,
1383 870 1423 930 et
1436 847 1556 929 solam
1575 870 1718 964 uertere
1743 846 1846 964 faiffe
1871 873 1959 931 coa·

753 939 880 1040 dium,
904 949 1012 1028 omni
1029 970 1132 1031 caret·
1140 948 1397 1050 dubitatione}
1416 972 1536 1050 quum
1551 947 1594 1027 ha
1609 973 1711 1030 cum.
1724 947 1796 1028 illas
1822 951 1961 1033 luerint

760 1040 976 1146 edmundi,
1002 1048 1048 1131 ab
1063 1055 1291 1150 Imperatore
1304 1048 1468 1149 Tartaro
1491 1046 1630 1148 adiuti,
1650 1072 1689 1130 et
1714 1049 1811 1129 inter
1828 1071 1963 1150 proce·

762 1166 820 1225 res
834 1145 916 1227 eiua
931 1147 1067 1228 versati.
1091 1227 1094 1233 ,
1115 1148 1226 1231 Nulla
1241 1151 1320 1231 hoc
1336 1171 1375 1229 et
1390 1151 1556 1249 sequenti
1575 1151 1719 1231 saeculo
1736 1149 1961 1232 chrituano-

734 1322 740 1329 .
763 1268 850 1327 rum
867 1246 909 1325 in
924 1245 1044 1327 China
1057 1248 1215 1350 amplius
1234 1250 1277 1329 fit
1294 1249 1464 1346 mentio,
1485 1273 1604 1347 neque
1621 1251 1964 1346 Franciscanorum,

764 1346 830 1447 qui
848 1344 984 1448 ubique
998 1344 1175 1428 locorum
1192 1349 1228 1427 se
1244 1348 1506 1442 extenderant,
1530 1347 1647 1429 ulium
1678 1351 1827 1450 adparet
1857 1349 1963 1431 vessi-

793 1447 884 1525 ‘um
912 1450 974 1546 (c)
1011 1450 1120 1529 Haec
1148 1466 1406 1539 vuaauvar
1422 1451 1466 1524 V.
1489 1447 1720 1527 Pontificem
1763 1451 1872 1528 rocul
1896 1452 1964 1528 du·
2034 1461 2047 1482 ⁰

765 1469 834 1624 filio
847 1543 1046 1646 fugerunt,
1069 1551 1133 1650 qui
1148 1573 1266 1650 quum
1282 1546 1465 1653 plurimos
1490 1543 1698 1647 legatorum
1733 1567 1905 1625 actorum
1922 1552 1964 1625 in

765 1644 912 1725 oriente
927 1645 975 1723 de
995 1649 1069 1727 vira
1089 1647 1271 1731 deceffisie
1294 1644 1547 1766 comperisset,
1570 1667 1695 1726 nouos
1714 1643 1761 1723 ad
1786 1647 1964 1724 Tamaros

765 1739 907 1838 legatos
921 1765 1023 1823 anno
1041 1751 1316 1830 crocchxx.
1331 1747 1432 1832 abrae
1446 1750 1603 1831 curauit.
1644 1740 1960 1841 -ucclefiaemuam

765 1854 1033 1921 romanamet
1057 1841 1104 1923 de
1123 1850 1310 1927 arnume
1334 1866 1568 1929 coavruo
1593 1846 1960 1941 constituentem·

768 1933 920 2019 balienfl'
938 1957 1288 2023 ovrrnnnmvaa
1316 1963 1636 2026 nuaunraaam
1669 1942 1966 2039 Franciscanum,

770 2037 1001 2221 ffidiuinae
1023 2043 1266 2125 institutionis
1287 2063 1478 2161 praeoepta
1492 2040 1629 2133 Parifiis
1652 2040 1827 2140 docebar,
1862 2063 1964 2143 prae·

834 2140 879 2239 ',
905 2160 945 2220 ot
964 2144 1121 2247 egregiis
1144 2140 1315 2225 instruxit
1333 2145 1549 2247 priuilegiis.
1568 2142 1632 2238 (d)
1675 2141 1884 2223 Duodecim
1901 2136 1967 2241 ipfi

1114 2266 1117 2272 ·
1534 2281 1537 2286 ·
1570 2294 1574 2303 ›
1666 2279 1669 2285 ·
1919 2263 1967 2319 ex

815 2511 867 2599 (b)
887 2529 988 2580 tarra.
1008 2527 1190 2577 corrant·
1225 2504 1347 2572 Tabula
1365 2501 1515 2570 coronato
1535 2551 1543 2567 .
1566 2498 1774 2568 Monarchiae
1789 2500 1913 2568 Sinicae
1931 2506 1971 2572 ad

872 2597 1003 2662 calcem
1016 2593 1156 2683 Confiact‘i
1165 2592 1227 2674 stuc
1233 2590 1387 2677 scientiae
1400 2520 1536 2673 sanctifi
1544 2602 1574 2653 et
1586 2586 1695 2673 reliqui
1708 2606 1815 2679 rerunt
1831 2587 1971 2657 (hinem

673 2715 677 2727 ·
789 2731 791 2736 .
844 2717 846 2722 ·
872 2677 1132 2766 fiurnseriprorea.
1180 2675 1324 2743 Maxime
1349 2694 1398 2741 ro.
1427 2694 1541 2742 aaran.
1555 2675 1597 2741 du
1617 2692 1749 2741 uanae
1776 2672 1971 2770 Description

872 2764 911 2831 iia
924 2764 957 2833 la
971 2763 1068 2835 chiara
1086 2768 1174 2835 Tam.
1188 2765 1214 2833 1.
1230 2757 1367 2851 p.442·l.

814 2851 863 2938 (a)
883 2850 1013 2917 Saeculo
1025 2850 1122 2919 xvu.
1135 2852 1264 2918 ineunte
1274 2867 1392 2934 paucos
1402 2846 1434 2913 in
1456 2843 1559 2912 China
1580 2842 1755 2931 superfuisse
1770 2846 1970 2930 Christianos,

714 2997 716 3001 .
845 2954 1111 3015 ,exuaconrro
1131 2952 1372 3003 narnavrro
1393 2934 1431 3001 dt
1444 2929 1556 3021 christ.
1571 2932 1676 3020 expui
1693 2933 1779 3020 apud
1790 2935 1886 3003 Sinas
1900 2940 1970 3007 Li.

873 3021 960 3091 aar.
968 3040 1003 3113 p.
1019 3044 1067 3092 aar.
1104 3037 1156 3090 .et
1171 3023 1234 3089 aliia
1250 3020 1378 3088 conflat.
1433 3017 1506 3086 Hae
1532 3017 1634 3085 nostra
1667 3020 1822 3085 memoria
1850 3021 1975 3090 leiuitne

899 3105 1040 3184 affimitr
1098 3110 1171 3192 hina
1191 3107 1383 3177 Christianae
1402 3104 1555 3193 religionis
1576 3104 1682 3170 multia
1704 3105 1828 3172 oiimin
1849 3106 1973 3178 vrbibus

768 3213 770 3218 ·
865 3129 915 3268 ‘ssi
928 3192 1063 3280 florentia
1076 3197 1415 3283 vestigiainueneruat,
1439 3213 1592 3277 nmquam
1607 3187 1672 3256 fere
1684 3192 1798 3280 plura,
1831 3215 1928 3279 quam
1942 3199 1974 3265 in

859 3278 953 3348 -arbe
969 3281 1110 3375 Tscbang
1126 3282 1244 3354 chtau
1258 3284 1337 3355 Fau,
1358 3301 1438 3367 quae
1452 3276 1566 3346 otiaua
1579 3277 1620 3346 ess
1633 3278 1814 3364 prouinciae
1827 3284 1870 3349 Fa
1884 3286 1974 3354 Κέω.

876 3359 1005 3455 Repetit
1017 3367 1060 3437 ibi
1072 3371 1149 3437 inter
1163 3371 1219 3436 alia
1233 3367 1339 3436 lesuin
1362 3386 1575 3435 maauruva
1595 3367 1677 3454 apud
1686 3366 1855 3434 litteratum
1865 3390 1975 3455 quem·

877 3456 953 3525 dam
966 3454 1075 3524 Sinam
1087 3471 1229 3524 veterem
1244 3456 1389 3523 audiittn
1410 3450 1688 3521 membranaceum
1709 3453 1810 3521 litteris
1833 3454 1973 3525 Gothicis

878 3556 1062 3617 exaratum,
1086 3543 1205 3627 inquo
1225 3544 1363 3612 maxima
1386 3561 1455 3627 para
1476 3539 1652 3624 scripturae
1674 3541 1704 3605 S.
1724 3538 1829 3605 Latine
1843 3540 1972 3613 extabat.

876 3626 988 3697 Noluit
999 3628 1143 3694 litteratus
1157 3627 1303 3692 codicem
1323 3626 1409 3692 hune
1434 3622 1558 3690 lesuitae
1573 3625 1725 3702 vendere,
1749 3626 1871 3703 dicem,
1896 3649 1971 3697 eum
2092 3659 2098 3668 ·

870 3713 909 3791 ,in
925 3711 1136 3781 familiasuaa
1157 3711 1255 3796 longo
1277 3725 1424 3797 tempore
1437 3724 1598 3797 tamqnam
1611 3712 1783 3799 pretiosum
1846 3716 1976 3787 nudam

879 3798 1223 3871 thesaauumstruatum
1238 3792 1331 3864 fuisse
1374 3815 1424 3864 ur
1444 3796 1697 3888 annnaDtscrt'
1714 3805 1782 3866 tion
1816 3799 1975 3874 eiacum

884 3885 970 3951 Tam.
985 3891 1011 3958 Ι.
1019 3910 1053 3980 p.
1060 3908 1116 3971 175·
1137 3878 1233 3952 Conf.
1246 3903 1325 3968 quae
1338 3878 1370 3948 su
1394 3870 1627 3952 ra'monuimus
1641 3888 1674 3953 C.
1683 3818 1714 3952 K
1721 3886 1756 3968 §-
1774 3886 1836 3957 m.
1844 3907 1877 3979 p.
1887 3902 1915 3964 8.
1924 3912 1955 3977 9.

811 3970 878 4057 .(d)
898 3967 968 4035 Vid.
980 3994 1060 4072 nvo
1072 3970 1365 4121 waraaarrata.I‘)ia't.et
1380 3969 1977 4134 fflk'pwssamoffziunuegssffliiili.
2056 4036 2060 4045 .

881 4055 1314 4216 miwffllgfflw
1333 4161 1403 4210 rem
1422 4164 1480 4212 eeu
1498 4142 1581 4213 haud
1593 4077 1742 4229 maidlrsse,
1776 4088 1978 4233 quumlffi
