4859 5200
1033 638 1356 785 ..monlon

602 810 739 893 tamiri,
761 819 853 875 entra
869 818 963 898 quom
976 822 1039 870 nott
1055 797 1096 895 efl
1114 808 1223 894 gratia
1245 824 1347 900 neque
1363 798 1477 894 salus,
1494 818 1527 869 te
1552 815 1585 868 et
1604 789 1812 892 praedil'lesm

602 898 752 1001 populum
766 901 935 972 habilitare
951 919 981 969 et
1000 897 1145 970 reducere
1156 897 1285 996 studeas
1300 897 1345 971 'ad
1360 897 1498 970 eiusdem
1514 898 1682 967 catholicoe
1701 914 1734 963 et
1754 892 1810 981 sor
1881 898 1887 905 ’

609 997 785 1095 crosanldae
802 1002 960 1069 Romanae
976 997 1112 1090 ecclefim
1124 1018 1308 1094 perpetuam
1324 1019 1356 1067 et
1373 997 1761 1081 tnaiauorlem'varanea,
1773 1016 1815 1061 oc

609 1098 742 1174 dilelIts
751 1097 842 1193 filios
851 1097 978 1188 fratres
996 1096 1253 1169 Praedicatoruue
1272 1119 1304 1167 et
1321 1101 1485 1167 Missurum
1511 1095 1656 1165 ordinum
1673 1089 1717 1161 ad
1729 1110 1813 1185 par-

609 1195 753 1295 teripfirr
770 1204 934 1268 venientes
945 1195 961 1281 ,’
976 1197 1035 1266 uel
1048 1218 1206 1273 morantes
1222 1196 1257 1265 iu
1273 1203 1328 1283 eis,
1345 1196 1404 1283 vel
1410 1217 1468 1290 per
1483 1195 1551 1264 illas
1569 1191 1733 1284 transtrum
1748 1193 1817 1280 fa·

610 1300 931 1383 cientercbaritatiue
949 1301 1098 1388 recipias,
1125 1315 1156 1364 et
1171 1294 1299 1386 benigne
1321 1290 1515 1389 pestraHeu
1542 1310 1573 1360 et
1598 1294 1817 1358 maximeve·

611 1396 780 1470 meabilem
799 1392 936 1485 fratrem
954 1392 1089 1488 noflrum
1116 1415 1433 1475 evaunensem
1454 1389 1494 1460 de
1516 1408 1671 1463 etone
1699 1385 1814 1481 episco-

606 1517 684 1593 pum
702 1489 947 1587 narniensem,
969 1514 1059 1588 quem
1078 1490 1123 1562 od
1138 1493 1199 1560 Dei
1215 1490 1339 1561 laudem
1357 1511 1389 1559 et
1401 1492 1552 1583 gloriam,
1577 1505 1609 1555 et
1618 1484 1815 1580 pascendum

607 1618 729 1691 gregem
737 1593 885 1688 fidelium
903 1590 1095 1685 inpartibus
1110 1592 1171 1660 illis
1190 1588 1435 1686 praedicationis
1452 1585 1547 1657 verbo
1560 1591 1684 1679 pariter
1704 1607 1816 1652 exem·

607 1697 668 1791 plo
681 1693 816 1785 esclestae
833 1685 999 1781 Taurienfi
1008 1688 1220 1786 praefecimus
1236 1696 1272 1760 iu
1285 1684 1449 1785 pastorem,
1465 1705 1525 1767 cet.
1550 1687 1628 1758 Dat.
1648 1685 1749 1756 Auia.
1763 1685 1816 1757 X,

613 1792 691 1864 Kal.
704 1790 792 1880 sels.
809 1813 891 1862 anuo
905 1790 1018 1862 XIIII.
1443 1852 1447 1859 .

1017 2003 1105 2097 n.
1148 2002 1397 2129 vam„
1484 2060 1490 2067 -

659 2168 717 2246 Ex
733 2182 881 2247 onon.
897 2183 1181 2248 mantenano
1215 2162 1257 2246 Τ.
1276 2167 1362 2245 XV.
1379 2159 1839 2267 onn.1335.a.32.p.456.'

531 2312 533 2316 ·
718 2264 1506 2365 et1..wnnn1naoTom.V11.o.13ns:
1624 2336 1628 2341 .

708 2394 884 2549 Magnilpico
902 2397 975 2551 picco
982 2418 1103 2484 magno
1123 2396 1215 2467 Cano
1233 2398 1300 2485 regi
1320 2396 1534 2464 Tartarocum
1553 2392 1661 2463 Deum
1682 2394 1820 2482 diligere

778 2506 816 2556 ac
850 2504 903 2550 me
939 2530 948 2550 .

419 2599 421 2604 Ι
475 2626 477 2632 ’
610 2599 794 2772 Audit
818 2622 863 2696 ad
884 2644 961 2697 tuoe
988 2624 1219 2721 magnitudinis
1241 2626 1387 2719 laudern,
1411 2631 1562 2723 gloriam,
1588 2648 1621 2698 ee
1643 2629 1817 2723 honorem,
1862 2653 1867 2660 ·

570 2819 573 2826 .
707 2721 795 2821 quod
803 2780 812 2811 ,
827 2721 913 2817 ficut
923 2721 1037 2813 famae
1046 2737 1247 2821 praeconium
1264 2751 1296 2799 et
1304 2725 1376 2821 fids
1388 2729 1555 2820 dignorum
1570 2728 1737 2799 relationis
1754 2728 1813 2821 af·
1909 2739 1912 2746 '

606 2818 720 2910 fellus
735 2821 782 2889 ad
806 2821 1007 2909 Apoflalatus
1027 2823 1123 2914 nostri
1145 2824 1343 2894 audientiam
1360 2826 1600 2918 perduxerunt,
1616 2846 1660 2896 tu
1684 2823 1817 2900 ialdanr

603 2936 704 3016 'tuum
719 2921 754 2983 in
775 2916 909 2986 Domino
925 2920 1114 3006 cogitatum,
1143 2939 1175 2988 et
1183 2932 1356 3013 promereri
1371 2930 1496 3015 cupiens
1511 2924 1597 3017 apud
1609 2948 1696 3013 eum,
1713 2929 1816 2997 Chri·

604 3013 721 3112 filonis
734 3019 770 3082 in
785 3035 889 3105 regno,
905 3031 938 3080 et
955 3031 1042 3083 terra
1058 3020 1109 3084 tui
1121 3013 1258 3088 dominu
1272 3018 1550 3102 commorantibus,
1578 3042 1611 3091 et
1626 3021 1701 3090 aliis
1717 3022 1814 3095 indi.

606 3119 699 3207 genis
715 3108 865 3205 adfidem
882 3108 1275 3206 orthodoxamconuerfis,
1299 3136 1331 3186 et
1346 3124 1383 3189 in
1400 3141 1434 3187 ea
1451 3119 1610 3214 neophytis
1626 3119 1812 3212 mausuetu-
1848 3105 1852 3110 ¹

469 3256 473 3268 ,
606 3209 717 3285 dinem
724 3208 855 3301 fauoris
871 3207 1040 3305 stupendis,
1056 3232 1090 3280 et
1103 3212 1295 3307 benignitate
1303 3213 1484 3304 fauorabili
1499 3215 1618 3288 trulias
1634 3220 1713 3294 illos.
1749 3221 1815 3298 Ad

609 3334 669 3404 nos
685 3333 826 3407 quoque,
851 3316 927 3406 qui,
945 3310 1020 3380 licet
1035 3317 1197 3403 immeriti,
1215 3315 1348 3385 Domini
1363 3312 1459 3408 nostri
1478 3337 1581 3390 casu
1607 3321 1808 3396 cnnts'rn

609 3416 790 3501 vicariatus
805 3405 936 3502 officium
950 3408 1065 3479 inorbe
1080 3429 1239 3502 terrarum
1250 3419 1412 3506 gerimus,
1437 3414 1532 3485 habes
1547 3435 1579 3486 et
1596 3414 1729 3511 ostendis
1744 3419 1808 3491 od·

608 3507 737 3581 modurn
763 3499 910 3602 apuliam
936 3516 1130 3578 reuerentiae
1148 3507 1284 3602 filialis,
1307 3537 1349 3579 ex
1371 3511 1485 3606 quillus
1507 3522 1629 3584 nomini
1653 3536 1686 3585 et
1694 3516 1809 3616 stanni

606 3614 676 3679 nnis
690 3607 807 3675 titulus
824 3603 944 3698 amplae
961 3623 993 3673 et
1005 3602 1119 3694 dignae
1133 3605 1396 3676 commendatoriis
1411 3605 1620 3707 attribuiturj,
1644 3633 1745 3712 tuque
1761 3601 1811 3690 tiss

603 3703 785 3799 ¹Iiprolnde
801 3705 961 3773 Creatoris
985 3704 1061 3772 coeli
1076 3724 1109 3770 et
1128 3724 1231 3782 terroe
1249 3711 1388 3795 gratiam
1407 3706 1608 3798 vendicabis,
1630 3732 1689 3807 par
1705 3743 1805 3814 qum

608 3812 645 3878 in
657 3799 830 3897 praesentis
845 3808 936 3872 uitae
947 3801 1037 3893 cursu
1054 3796 1192 3871 dominii
1201 3801 1342 3874 altitudo
1357 3805 1509 3903 suscipiat
1530 3807 1716 3898 firmitatem
1722 3844 1738 3894 ,·
1766 3841 1805 3890 et

605 3902 764 4003 postquam
781 3922 871 3971 carne
877 3899 1006 3990 solutus
1014 3898 1144 3989 fueris,
1161 3900 1248 3994 ficut
1263 3907 1456 3976 naturaliter
1467 3906 1603 3997 soluitur
1628 3924 1728 3985 amuis
1745 3944 1802 3990 ca·

604 4028 642 4078 η
651 4059 662 4094 ‚
687 3997 775 4096 apud
789 3996 975 4092 maiestatem
992 4001 1087 4092 Regis
1102 4001 1223 4093 Regum
1238 4024 1406 4093 oetermm,
1423 4015 1479 4102 qui
1489 4027 1603 4103 potens
1618 4011 1799 4107 esIJoluare

599 4103 809 4211 gariopolium
827 4117 859 4175 st
880 4098 1068 4203 monalium
1083 4103 1414 4205 mindunienses,
1430 4101 1466 4199 fi
1480 4101 1702 4208 crediderisin
1724 4141 1800 4189 eum

1763 4239 1800 4293 rt
