4859 5200
1203 678 1256 747 oo
1285 658 1303 758 )
1328 685 1388 743 122
1413 666 1428 761 (
1453 676 1509 745 20

746 793 905 877 ‚tinuam4
930 807 961 858 ct
973 797 1055 891 'vius
1071 792 1111 862 de
1128 791 1311 890 eleemosyna
1323 797 1429 887 ¹Regia
1446 809 1633 882 memorata,
1658 814 1737 889 quae
1760 801 1855 865 iuxta
1870 814 1955 862 mer·

749 909 904 965 catorum
928 890 1121 982 Ianuenfium
1147 891 1583 995 refirmationem'asecadpre
1601 894 1698 988 potcsl
1718 898 1885 964 annuatim
1910 884 1959 959 ad

764 990 904 1063 valorem
924 1009 1045 1059 centum
1056 989 1248 1085 florenorum
1262 1018 1428 1063 aureorum
1452 995 1510 1063 vel
1531 1001 1672 1074 circiter,
1686 1011 1729 1063 at
1743 986 1845 1063 dehac
1874 990 1956 1057 elee-

763 1085 885 1184 mosprta
900 1111 1041 1181 magnam
1052 1109 1178 1183 partem
1192 1098 1228 1163 in
1241 1090 1456 1184 aedificatione
1473 1090 1702 1186 loeipraediibi
1728 1087 1879 1186 expendi,
1903 1092 1957 1157 cui

754 1188 891 1283 fimilem
905 1195 940 1259 io
958 1189 1160 1263 Eremicoriis
1186 1199 1221 1258 in
1237 1211 1306 1259 tota
1327 1190 1431 1284 naslra
1447 1194 1615 1275 Prouencia
1631 1191 1750 1260 nulum
1757 1188 1824 1280 scio
1849 1182 1960 1283 quoad

745 1284 1030 1387 'pulchritudinem'
1044 1308 1074 1357 sc
1089 1310 1209 1357 ommm
1222 1298 1451 1361 amoenitatem
1473 1342 1478 1349 .
1503 1292 1649 1386 Denique
1665 1313 1728 1359 non
1743 1284 1962 1380 longoelapsa

739 1388 741 1393 ’
762 1409 896 1486 ternpore
909 1384 974 1483 pasl
997 1385 1115 1456 obitum
1130 1384 1256 1478 fratris
1286 1412 1374 1461 eun
1390 1409 1564 1462 ecaton
1596 1396 1695 1483 recepi
1711 1386 1870 1458 decretum
1895 1385 1965 1456 Ar·

762 1486 939 1584 cbiepiscopi
952 1484 992 1557 ds
1006 1484 1156 1557 locatione
1170 1484 1272 1582 nostra
1289 1494 1325 1557 in
1338 1506 1508 1558 memorata
1524 1487 1658 1580 Ecclesia
1678 1483 1881 1571 cathedrali,
1910 1510 1967 1554 cu·

755 1597 813 1661 ius
827 1590 975 1661 locationi
989 1583 1149 1677 adsensum
1160 1584 1291 1682 praebui
1313 1585 1403 1679 causa
1421 1585 1605 1656 rationabili
1618 1583 1796 1677 suadente,
1823 1605 1855 1654 et
1872 1608 1960 1653 stunc

763 1696 799 1759 in
823 1688 887 1757 loco
913 1685 1122 1777 usltEcclesta
1147 1691 1312 1773 ciuitatis,
1335 1710 1419 1755 nunc
1442 1693 1478 1755 ia
1493 1687 1685 1757 Eremitorio
1708 1708 1827 1755 moram
1845 1678 1958 1772 facio,

760 1783 1094 1854 iuxtaoaeaelibicum
1112 1785 1310 1872 uoluntatis,
1334 1783 1446 1877 etsunc
1462 1783 1543 1876 sano
1562 1803 1703 1879 torpore,
1740 1803 1955 1879 acquantum
2075 1809 2078 1813 ·

608 1882 613 1891 '
757 1884 953 1975 longaeuitat
979 1885 1070 1947 uitae
1093 1888 1236 1971 patitur,
1279 1882 1442 1977 aliquibus
1474 1881 1578 1953 adbuc
1602 1890 1697 1951 antris
1729 1888 1765 1952 in
1782 1884 1840 1950 hae
1865 1877 1953 1974 mese

756 1979 1039 2075 telanessum,
1067 1977 1141 2046 licet
1165 1985 1311 2050 canitiem
1334 1980 1462 2051 babeam
1478 2005 1519 2051 rx
1543 1977 1721 2070 defebiibus
1751 1980 1955 2050 naturalibus

760 2074 1245 2179 coproprietatibusscnriiutis.
1297 2082 1379 2149 Sane
1394 2086 1429 2149 in
1446 2077 1500 2174 isla
1516 2077 1602 2174 vaslo
1627 2082 1758 2175 imperio
1772 2078 1854 2171 satit
1873 2103 1953 2172 geu·

611 2204 614 2211 ·
757 2204 808 2253 res
823 2180 864 2253 dc
879 2187 963 2253 omiti
977 2186 1125 2267 nacione,
1151 2202 1232 2273 quoe
1243 2176 1301 2268 sub
1317 2179 1398 2253 coelo
1413 2178 1472 2268 esi,
1496 2198 1528 2248 ct
1544 2177 1687 2271 depmtt
1702 2175 1812 2269 sessa,
1831 2197 1863 2248 et
1881 2201 1953 2247 sats·
1979 2180 1984 2187 '

759 2279 884 2354 ceditur
905 2278 1046 2353 omnibus
1079 2297 1111 2346 et
1127 2277 1266 2371 fingulis
1296 2285 1407 2349 viuere
1421 2276 1595 2370 secundum
1610 2274 1731 2368 sellam
1744 2276 1849 2369 suam.
1899 2275 1956 2367 Est

758 2388 843 2456 enim
856 2381 931 2453 boat
944 2385 1049 2474 opinio
1064 2373 1152 2472 apud
1164 2400 1234 2466 eos,
1250 2374 1316 2469 seu,
1323 2380 1432 2473 patiu's
1441 2401 1546 2466 error,
1575 2374 1663 2473 quod
1678 2399 1762 2448 unus
1786 2384 1897 2473 uisque
1912 2384 1950 2445 irc

752 2482 814 2577 sua
820 2476 910 2575 sefla
918 2476 1089 2570 sabaarim,
1115 2495 1147 2545 ct
1161 2500 1220 2545 scos
1229 2475 1416 2571 praedicare
1426 2473 1581 2572 posumus
1597 2474 1695 2546 libere
1711 2402 1951 2571 etsscureesed

756 2582 798 2660 dc
816 2578 943 2655 Iudaeis
960 2600 992 2649 ee
1009 2578 1192 2649 Sarraesnis
1213 2600 1303 2648 nemo
1320 2583 1516 2652 conuertitur
1534 2630 1546 2664 ‚
1571 2572 1613 2648 de
1637 2572 1818 2646 idololatris
1848 2573 1951 2670 bapti·

754 2701 878 2758 untur
893 2678 1136 2777 quamplurimi,
1151 2672 1218 2765 sed
1241 2678 1338 2748 multi
1360 2701 1401 2746 ex
1416 2676 1592 2771 baptizatis
1607 2698 1670 2746 non
1697 2671 1780 2747 telle
1802 2673 1953 2746 incedunt

749 2774 1207 2949 „tt
1236 2772 1948 2967 rrsrttttrrrrmtt·

756 2970 829 3046 ibus
840 2967 961 3061 ilacsus
976 2964 1089 3058 euasit,
1100 2984 1265 3046 ,et-tamctt
1289 2963 1336 3038 ad
1348 2985 1415 3036 tam
1430 2965 1618 3064 flupc'ndum
1637 2973 1823 3042 miraculum
1840 2972 1952 3056 ¹torellus

751 3069 894 3172 spbasua
904 3064 1042 3167 perfidia
1054 3085 1270 3162 permutatur.
1294 3083 1297 3088 ·
1320 3069 1407 3138 Haec
1423 3076 1528 3138 omnia
1537 3065 1721 3165 supradicta
1727 3067 1790 3164 sub
1805 3071 1947 3143 breuita-

754 3196 787 3246 η
801 3170 921 3268 uestrae
938 3171 1133 3238 Paternitati
1146 3163 1299 3260 destinare
1315 3175 1442 3257 curaui,
1467 3187 1508 3238 us
1520 3187 1576 3263 per
1593 3192 1653 3238 uos
1672 3167 1719 3241 ud
1733 3171 1869 3244 aliorum
1888 3195 1946 3244 no·

754 3265 865 3348 &morto
878 3266 1104 3342 detcolrsaatur.
1155 3265 1321 3336 Fratribus
1328 3264 1553 3361 spiritualibus
1569 3287 1610 3339 to.
1618 3276 1727 3340 amicis
1741 3278 1820 3340 meis
1823 3279 1945 3367 praeci·

748 3380 826 3473 pais
841 3393 905 3444 nan
918 3367 1040 3463 scribo,
1067 3375 1144 3463 quia
1168 3372 1227 3464 qrsi
1252 3363 1456 3459 diseeserint,
1482 3387 1515 3436 et
1527 3360 1689 3464 supersint¹
1708 3376 1834 3462 ignaro,
1858 3369 1947 3442 vnde

751 3498 824 3569 rago
837 3468 925 3569 quad
935 3493 985 3540 me
1001 3465 1136 3544 babeant
1149 3464 1339 3552 excusatum.
1392 3467 1506 3536 Omnes
1527 3465 1651 3555 saluto,
1671 3493 1781 3566 meque
1803 3469 1947 3542 omnibus

749 3566 965 3648 recommendo
982 3571 1093 3636 intime
1109 3585 1264 3661 quantum
1284 3561 1418 3660 pnsum,
1446 3586 1479 3634 et
1504 3590 1564 3636 vos
1574 3586 1668 3661 pates
1685 3567 1871 3641 Guardsatce
1893 3593 1945 3641 ro·

752 3667 973 3740 sommendetis
996 3687 1046 3734 me
1064 3660 1210 3756 Ministro
1235 3682 1267 3733 et
1285 3662 1411 3756 Custodi
1427 3665 1595 3756 Perufino,
1621 3687 1654 3735 et
1678 3670 1754 3739 aliis
1778 3669 1944 3752 Fratribus

725 3815 729 3820 -
750 3766 930 3857 uniuerso„
969 3769 1083 3836 Omnes
1098 3760 1240 3857 Episcopi
1245 3755 1441 3856 suffraganci
1448 3760 1538 3853 fabii
1554 3785 1614 3862 per
1629 3769 1801 3840 Dominum
1825 3771 1945 3865 Papam

748 3890 777 3945 c
788 3890 841 3940 ue.
851 3882 949 3937 mun
959 3888 1053 3937 nu
1082 3859 1299 3952 Cambalienfis
1314 3859 1407 3932 Sedis
1422 3870 1602 3957 migrarunt
1624 3874 1660 3937 itt
1671 3887 1748 3963 pace
1768 3867 1815 3940 ad
1829 3871 1945 3941 Domi·

748 3958 1171 4056 nam‚egosolus'remasrst.
1197 3957 1573 4050 Frater-,tetcocnvs
1597 3963 1639 4038 de
1663 3990 1942 4064 usurum,

742 4065 852 4167 frater
881 4081 1160 4160 auoovrsvr
1183 4057 1459 4153 ds-ntststo,
1491 4085 1524 4136 st
1547 4089 1634 4144 vaus
1659 4061 1939 4170 abusu-Episcopus

757 4197 771 4216 ·’
1867 4191 1952 4246 not·
