4859 5200
1048 615 1350 716 animle·
1470 702 1473 707 ,

609 779 672 829 non
688 751 815 846 indigne
837 754 984 823 retraxit.
1039 747 1130 821 Vnde
1152 772 1231 837 nes,
1250 755 1307 846 qui
1333 768 1409 821 tunc
1425 747 1653 825 cardinalatus
1680 751 1813 847 efficium

604 853 805 949 gerebamus,
824 848 889 945 poll
905 851 1040 919 alcuius
1055 847 1219 943 desursum
1240 857 1390 944 temperis
1412 849 1505 945 ipstus
1533 874 1727 927 cunstat
1755 858 1810 941 vie

610 962 732 1038 carius,
759 973 791 1021 et
817 972 984 1035 encas,
1011 949 1085 1019 litet
1099 957 1271 1037 immeriti,
1287 947 1468 1045 disponente
1492 952 1645 1040 Domine,
1669 947 1813 1048 suamllot

611 1055 666 1149 (8)
695 1047 819 1148 offelli,
833 1047 1070 1143 superomnia,
1087 1049 1272 1146 quaenabis
1297 1074 1338 1118 ex
1356 1045 1506 1119 iniunt'lo
1530 1050 1712 1121 incumbunt
1735 1071 1809 1148 apo·

605 1151 744 1247 fiolatses·
756 1145 871 1244 officio,
897 1146 942 1216 ad
956 1169 1044 1218 tuam
1061 1156 1262 1245 omniumque
1272 1147 1407 1236 [celarem
1421 1147 1540 1245 noslrae
1555 1157 1745 1221 intentionis
1761 1148 1811 1222 di

612 1259 744 1346 regimus
762 1255 880 1319 aciem:
902 1245 947 1317 ad
960 1249 1041 1318 hana
1058 1255 1224 1343 praecipue
1246 1255 1362 1321 mentis
1382 1246 1500 1343 nostrae
1523 1248 1712 1346 destinamus
1733 1244 1811 1347 affe-
1908 1246 1912 1259 '

612 1349 720 1421 llum:
746 1355 827 1419 circa
842 1370 909 1417 tam
932 1346 1206 1443 diligentiflndio,
1225 1367 1257 1416 et
1272 1345 1413 1445 pudiosa
1437 1348 1606 1443 diligentia
1628 1350 1815 1444 vigilantes,

612 1472 655 1523 att
676 1468 818 1523 errantes
836 1445 882 1518 ad
899 1454 989 1518 viam
1007 1454 1160 1518 veritatis
1177 1446 1344 1535 inducere,
1371 1472 1536 1544 omnesque
1547 1450 1614 1519 Deo
1630 1448 1818 1540 lucrifacere

604 1549 668 1644 sesa
685 1548 774 1620 nolis
788 1566 969 1644 cooperante
978 1555 1086 1640 gratia
1102 1548 1277 1620 ualeamus.
1323 1547 1438 1627 Verum
1455 1555 1549 1644 quia,
1566 1551 1721 1620 hnmanae
1741 1572 1814 1618 eon·

611 1649 747 1724 ditionis
763 1655 918 1718 renitente
934 1667 1069 1737 notura,
1086 1671 1151 1717 vno
1165 1644 1471 1744 eodemquetempore
1486 1645 1617 1742 dinerfis
1632 1650 1709 1718 locis
1719 1667 1815 1744 prae·

602 1749 788 1844 sentinliter
801 1744 897 1841 adeffe
920 1753 1105 1843 nequimus,
1139 1771 1179 1817 ne
1204 1747 1361 1817 vllatenns
1384 1750 1537 1840 negligere
1559 1746 1730 1819 videamur
1759 1744 1815 1817 al·

604 1849 734 1944 sentes,
759 1845 805 1918 ad
818 1872 869 1918 eos
886 1854 976 1918 viros
991 1843 1142 1939 discretos
1164 1867 1196 1916 et
1215 1845 1366 1941 prouidos
1392 1854 1642 1918 transmittimus
1665 1855 1737 1918 viee
1758 1869 1816 1918 ne·

607 1949 698 2045 flra;
731 1944 866 2044 ipsorum
891 1944 1060 2042 minisserio
1084 1953 1168 2016 circa
1193 1947 1261 2018 illos
1285 1947 1461 2043 apostolieae
1476 1945 1650 2039 seruitutis
1674 1944 1817 2018 delitum

615 2050 808 2121 exoluentes.
860 2051 946 2116 Hinc
963 2043 1128 2142 efi,'quod
1141 2054 1176 2116 in
1192 2046 1262 2140 ipſse
1286 2046 1406 2139 nostrae
1427 2052 1635 2141 promotionis
1659 2042 1818 2140 auspiciis,

616 2170 697 2243 quae
707 2138 868 2239 praemiffie
878 2142 958 2233 sunt
975 2143 1220 2232 cumfratribus
1235 2144 1345 2233 nostris
1364 2148 1395 2213 S.
1414 2146 1455 2214 R.
1465 2144 1507 2214 F„
1526 2140 1750 2213 cardinalibus
1767 2168 1816 2214 ra·

617 2242 791 2336 censentes,
816 2259 874 2334 pra
891 2259 966 2322 tua,
983 2239 1150 2332 filiorum,
1174 2242 1345 2335 populique
1365 2239 1600 2335 praedillorum
1618 2240 1820 2338 procuranda

608 2343 718 2438 salam
748 2336 880 2411 diletlos
902 2335 993 2431 filios
1013 2336 1141 2430 fratres
1176 2361 1442 2413 aennensis
1467 2337 1709 2427 desino,
1736 2364 1820 2417 nte·

618 2464 811 2519 rotscvnc
842 2435 1090 2527 deonanti,
1125 2458 1357 2513 cornuam
1385 2437 1712 2527 tesmenti,
1738 2462 1820 2516 nte·

617 2536 1157 2630 nntntcdeetonnentn,
1184 2558 1216 2608 et
1242 2538 1614 2626 macenntvtcde
1641 2562 1822 2618 nancto
1962 2627 1967 2634 ¹

619 2642 754 2717 Ordinis
772 2643 958 2728 Minorem,
982 2644 1104 2712 latores
1114 2638 1347 2737 praesentium,
1374 2650 1463 2712 viros
1475 2644 1623 2736 religione
1638 2641 1825 2739 conspicuas,

616 2742 784 2844 honestatis
801 2749 875 2812 vita
887 2738 1039 2837 pudicos,
1066 2765 1186 2812 morum
1207 2742 1355 2812 claritate
1379 2740 1528 2831 decoros,
1559 2762 1590 2812 et
1610 2738 1722 2835 scierat
1735 2741 1821 2836 scri·
1956 2827 1961 2838 Ι

608 2868 730 2946 pturae
740 2844 871 2937 scientia
885 2840 1073 2936 praeditost
1098 2862 1138 2934 vt
1155 2863 1192 2911 tu
1203 2899 1212 2929 ,
1222 2839 1316 2935 filii,
1330 2844 1526 2941 populusque
1537 2840 1709 2939 praedilli,
1720 2838 1822 2941 ipsum

622 2951 790 3020 Dominum
809 2969 851 3014 ccc
864 2966 951 3014 svnt
981 2964 1119 3015 cunis
1130 2968 1155 3014 τ
1166 2965 1227 3014 vm
1244 2943 1442 3013 Saluitorem
1459 2940 1823 3037 nostrum,sstlutarilut

620 3069 726 3124 eorum
744 3038 977 3113 eruditionibus
1000 3038 1206 3130 agnoscendo,
1232 3063 1270 3109 at
1291 3036 1388 3110 iidem
1395 3039 1484 3133 filii,
1510 3042 1626 3112 etalii
1648 3040 1689 3111 de
1708 3046 1825 3140 populo

622 3165 697 3230 tua,
726 3139 783 3238 qui
797 3140 916 3209 nulum
932 3135 1116 3232 baptismum
1132 3135 1303 3226 hellenus,
1327 3139 1385 3209 vel
1398 3164 1461 3212 raon
1475 3148 1511 3212 in
1520 3137 1633 3230 forma
1648 3139 1756 3212 debita
1774 3168 1825 3214 te·

622 3235 1112 3426 dafflflsma
1125 3238 1234 3403 {1er
1242 3290 1254 3323 ’
1284 3235 1826 3427 ‘titutionem

625 3364 743 3535 stell?
760 3454 954 3507 enciens
990 3431 1177 3526 baptismate
1207 3359 1368 3526 blptlzati
1401 3456 1513 3504 nomen
1530 3431 1628 3526 secum
1645 3433 1827 3528 gloriosum,

625 3539 711 3641 quod
725 3532 869 3635 estsuper
884 3557 972 3601 omrte
985 3556 1115 3626 nomen,
1144 3529 1338 3628 Christianae
1350 3530 1435 3627 fidei
1457 3533 1668 3627 obseruatione
1691 3538 1827 3616 solatiis

624 3642 665 3716 de
681 3638 816 3737 ipsorum
824 3633 973 3726 fratrum
992 3630 1164 3727 nostrorum
1181 3632 1302 3723 confilio
1319 3634 1471 3705 dussimus
1486 3631 1694 3732 destinandas.
1737 3635 1828 3712 ldae·

626 3766 686 3842 que
702 3737 912 3831 celfituds'ntm
932 3755 1022 3803 tuom
1048 3758 1225 3824 monemus,
1248 3757 1413 3829 rogamus,
1442 3758 1474 3804 tt
1498 3738 1665 3808 bonnm
1690 3758 1827 3834 attente,
1933 3744 1942 3752 .

626 3862 782 3940 qnatenus
796 3833 919 3908 eosdem
930 3832 1055 3923 fratres
1072 3835 1239 3924 Minores,
1255 3832 1316 3926 seu
1333 3835 1401 3907 illes
1416 3842 1530 3927 extis,
1554 3859 1632 3936 qnos
1646 3835 1691 3907 'ad
1705 3860 1737 3910 te
1751 3858 1827 3937 per·

627 3950 737 4014 venite
751 3944 936 4031 amsigesit‚
961 3931 1116 4028 fisoslan
1131 3932 1266 4031 ipsorum
1280 3936 1418 4033 aliquem
1431 3959 1517 4010 mers
1531 3939 1589 4010 vel
1600 3936 1688 4031 casus
1704 3938 1828 4036 aliquis

1803 4063 1828 4113 n

658 4188 937 4296 .,totfi1coeff0m·
956 4188 1007 4286 Μ
1117 4179 1119 4184 ’
