4859 5200
450 807 453 814 ·
506 844 508 851 .
606 764 699 872 regri
716 765 813 867 mise
827 774 862 846 in
883 767 1031 873 pottilus
1054 772 1117 844 illio
1130 869 1132 872 Ι
1146 773 1280 849 verium
1306 764 1439 866 heluus}
1458 765 1634 871 proponit,
1657 768 1863 866 stuc-'oll-

598 868 758 974 prouidus
774 896 808 947 et
822 872 997 968 discretus,
1022 871 1258 971 circumspel‘lus
1277 892 1309 943 et
1319 870 1478 968 prudens,
1506 892 1538 944 et
1561 870 1742 971 constanter
1764 901 1829 949 no·

605 975 657 1045 lio
669 996 701 1045 et
711 972 845 1068 sollicite
861 979 992 1066 retulit,
1012 973 1051 1067 se
1068 970 1265 1070 menisefliuo
1280 971 1385 1042 olbis
1400 968 1534 1068 undose,
1558 971 1645 1071 quod
1661 994 1737 1045 tuoe
1758 1000 1827 1048 vo·

605 1071 745 1146 motoris
754 1077 802 1172 fit
819 1098 851 1149 et
861 1075 1030 1173 ptopofiti,
1058 1073 1181 1145 erudiri
1200 1073 1361 1146 Catholico
1381 1091 1413 1142 et
1430 1066 1607 1170 Aposlolico
1630 1070 1827 1172 disciplinae
1870 1074 1875 1081 ’
1908 1132 1914 1141 .

559 1180 561 1186 ’
606 1196 640 1246 et
662 1176 707 1249 od
727 1181 784 1248 looe
793 1176 962 1266 seruentet
978 1172 1147 1260 intendas,
1173 1193 1215 1243 vt
1232 1195 1269 1242 tu
1286 1192 1320 1242 ee
1335 1191 1424 1242 terro
1441 1195 1516 1245 tuoe
1522 1172 1721 1264 sublimitati
1734 1182 1826 1245 'com-

469 1293 477 1307 '
608 1274 694 1372 miso
710 1277 796 1347 nihil
809 1280 961 1371 vmqu'om
975 1270 1203 1340 videamini‘in
1215 1271 1283 1361 fide
1299 1268 1401 1364 vestro
1414 1291 1538 1357 tenere,
1554 1271 1643 1368 quod
1662 1300 1684 1345 u
1701 1272 1824 1348 dollri.

608 1400 653 1448 too
668 1372 965 1471 Sedisstposlolicoe
981 1365 1140 1463 disentiat
1156 1367 1247 1438 modo
1264 1369 1405 1465 quolibet
1419 1371 1478 1438 vel
1500 1367 1666 1460 discordet.
1721 1377 1826 1467 Super

608 1501 673 1574 quo
683 1475 764 1566 stone
778 1475 840 1545 tibi
851 1474 933 1565 ficut
950 1467 1116 1569 thorissmo
1126 1465 1199 1563 filio
1222 1468 1397 1564 plurimum
1416 1466 1662 1560 congaudemus,
1685 1489 1719 1539 et
1735 1478 1783 1556 ei,
1799 1497 1823 1541 a

608 1598 675 1670 quo
693 1598 782 1642 omne
803 1573 922 1643 donum
945 1570 1109 1669 procedit,
1135 1565 1299 1660 immensos
1313 1571 1492 1660 gratiarum
1515 1566 1691 1636 exoluimus
1721 1566 1825 1639 ollio·

608 1696 689 1741 neo:
714 1687 792 1736 voto
808 1681 917 1756 votis,
943 1693 975 1740 et
987 1693 1095 1764 preces
1104 1667 1248 1764 precibus
1264 1664 1491 1757 adiungentes,
1516 1685 1557 1737 vt
1580 1672 1635 1762 qui
1656 1663 1748 1736 dedit
1763 1691 1821 1737 no·

607 1788 680 1835 men
695 1762 931 1856 christanitotis
939 1767 1121 1858 suscipere,
1145 1773 1245 1836 menti
1262 1785 1335 1833 tuoe
1357 1783 1416 1859 per
1421 1763 1518 1856 suom
1539 1759 1727 1861 inqsolilem
1748 1770 1819 1856 pie·

607 1881 709 1932 tatem
723 1860 874 1954 inspiret,
896 1863 983 1956 quod
996 1872 1123 1930 omnino
1143 1865 1227 1932 velit
1232 1860 1365 1955 sapere,
1385 1886 1466 1961 quoe
1480 1861 1571 1956 super
1596 1861 1738 1931 omnilus
1762 1884 1818 1928 or·

499 1998 502 2005 ·
603 1962 722 2033 vetulis
735 1956 823 2031 Fidei
837 1979 943 2029 tenere
957 1959 1047 2029 debet
1066 1960 1173 2053 religio
1191 1957 1375 2055 Chrisliotoo.
1420 1963 1501 2030 Non
1520 1969 1602 2029 enim
1625 1984 1702 2030 vete
1722 1954 1820 2052 potesl

563 2052 568 2067 ¹
604 2056 653 2137 ‘de
670 2058 845 2156 Chouliono
854 2056 1036 2158 prosefflone
1049 2057 1337 2153 speraresolurem,
1364 2066 1421 2156 qui
1436 2058 1535 2130 eidem
1546 2056 1724 2154 proseffloni
1745 2081 1821 2125 ver·

610 2163 670 2247 bo,
705 2181 736 2230 et
760 2181 849 2256 opere
874 2184 937 2228 non
962 2159 1138 2229 concordet.
1207 2159 1298 2248 Quia
1322 2183 1385 2229 non
1404 2156 1519 2251 sufficit
1543 2157 1670 2226 cuilibet
1696 2162 1826 2225 nomine

588 2244 791 2357 ‘Chrisliono
807 2258 940 2351 censeri.
969 2265 1027 2356 qui
1041 2257 1080 2325 de
1087 2254 1125 2347 se
1134 2255 1237 2346 sentit
1250 2256 1360 2341 aliud,
1387 2279 1481 2351 quum
1507 2255 1668 2325 catholico
1683 2275 1715 2323 et
1737 2255 1825 2350 Apo·

607 2361 720 2462 slelioo
744 2360 857 2432 halect
879 2353 1065 2455 disciplina,
1091 2365 1184 2425 iuuto
1201 2354 1282 2426 ilud
1297 2354 1384 2451 quod
1409 2357 1567 2425 Dominus
1587 2365 1621 2423 in
1650 2353 1827 2447 Euangelie

611 2462 719 2539 dicit.-
768 2462 850 2532 Non
865 2468 967 2528 omnis
1036 2456 1138 2525 'dicit
1161 2460 1260 2539 milri,
1293 2457 1427 2522 Domine
1450 2452 1604 2540 Domine,
1635 2455 1771 2524 introiit
1787 2460 1825 2525 in

612 2584 746 2656 regnum
762 2561 936 2644 coelorum,
965 2483 1041 2647 1ζῖ
1049 2560 1106 2650 qui
1119 2550 1209 2641 socit
1231 2553 1431 2621 voluntatem
1451 2554 1564 2621 Potrir
1584 2559 1665 2641 mei,
1703 2562 1823 2653 quiin

613 2688 667 2732 coe
682 2659 768 2753 coes.
807 2656 1002 2728 Illudoutem
1017 2655 1117 2721 noltilo
1134 2660 1240 2720 minus
1250 2648 1295 2720 od
1301 2651 1597 2722 commendationem
1612 2673 1686 2724 tuoe
1712 2664 1826 2728 virtu·

612 2766 660 2827 cis
675 2754 817 2854 accedit,
844 2753 1022 2848 quodſstut
1033 2749 1175 2843 prudent
1191 2748 1331 2842 onogislet
1347 2772 1540 2823 Pntnleevs
1548 2750 1587 2843 se
1605 2763 1703 2823 totuis
1718 2754 1825 2849 roserit

611 2850 747 2945 audise,
764 2849 913 2938 sementi
928 2848 1078 2939 defiderio
1094 2869 1218 2940 cuperes
1235 2855 1269 2916 in
1286 2848 1367 2918 Vrbe
1384 2850 1496 2919 holere
1518 2853 1705 2944 Ecclesiam,
1718 2873 1750 2924 et
1774 2858 1825 2926 le·

613 2954 869 3047 rosolymitunum
893 2948 998 3016 altore
1022 2944 1171 3043 aliquod,
1207 2946 1266 3017 obe·
1290 2957 1357 3017 viri
1383 2948 1558 3044 prudentes
1585 2951 1626 3022 de
1650 2980 1742 3049 regno
1764 2976 1823 3026 tuo

612 3076 740 3126 monere
750 3048 887 3145 posent,
914 3068 947 3118 et
975 3045 1146 3143 Apollolieo
1167 3049 1294 3143 plenius
1318 3047 1430 3145 instrui
1451 3049 1637 3148 discipline,
1657 3077 1716 3151 per
1740 3080 1822 3153 quoe

610 3153 805 3253 posmodum
819 3171 855 3218 tu
877 3170 908 3218 et
923 3152 1063 3219 homines
1084 3157 1170 3239 regni
1200 3148 1452 3245 tuidolloinom
1475 3151 1570 3247 ipsom
1598 3162 1769 3250 reciperent
1785 3175 1822 3229 tt

612 3273 769 3328 tenuent.
797 3251 892 3343 Nos
904 3271 1029 3336 autem,
1057 3257 1115 3347 qui
1140 3249 1214 3318 licet
1238 3248 1491 3345 insoffoirntc'luo
1507 3259 1630 3333 metitis
1649 3264 1684 3326 in
1701 3258 1741 3329 B.
1755 3279 1822 3331 Ρι-

605 3379 678 3447 Ἰτιυ
702 3352 860 3427 Carloedro
875 3351 986 3447 posti,
1014 3358 1107 3420 iuxta
1116 3347 1314 3446 Apostolum,
1331 3350 1528 3448 sopientiluo
1544 3375 1577 3423 et
1591 3356 1822 3451 icofipientiluo,

611 3457 773 3530 diuitibus
794 3474 826 3523 et
838 3447 1026 3545 pauperibus
1043 3477 1099 3520 noo
1116 3448 1353 3543 recognoscimur
1369 3447 1552 3531 debitores:
1578 3453 1619 3526 de
1630 3454 1736 3549 solute
1759 3478 1822 3527 tua

614 3577 651 3628 ιε’
666 3578 792 3625 tuorum
816 3554 1023 3620 omnimodum
1040 3549 1287 3640 solicitudinem
1302 3559 1462 3641 gerimust
1480 3576 1512 3624 et
1531 3579 1590 3626 vot
1607 3557 1646 3626 ab
1662 3559 1713 3627 lois
1734 3564 1823 3630 atti·

613 3656 716 3738 molit,
740 3663 775 3722 in
792 3652 906 3748 quibus
922 3655 1037 3717 errotis
1052 3674 1073 3715 o
1089 3644 1266 3739 Chrisliona
1283 3668 1314 3715 et
1332 3647 1494 3721 catholico
1502 3652 1593 3749 fide,
1617 3674 1760 3755 prompto
1776 3683 1820 3729 a·

610 3764 718 3835 aimo,
739 3771 837 3845 prout
853 3771 995 3820 tenemur
1011 3770 1051 3815 ex
1058 3742 1198 3839 susecpti
1215 3746 1385 3843 ministerio
1403 3762 1581 3847 regiminis,
1605 3760 1818 3829 volumusta-

610 3876 732 3928 vocore.
762 3851 840 3917 com
858 3850 918 3943 ipse
927 3847 1177 3919 Domenncbeoto
1195 3870 1328 3936 uerno,
1345 3876 1438 3949 quem
1454 3863 1592 3927 omnium
1602 3856 1822 3955 Apostolorum
1855 3872 1864 3880 ’

605 3937 889 4057 fine-pensent,
913 3947 1022 4018 docio:
1073 3945 1121 4017 Et
1138 3965 1175 4014 tu
1196 3948 1369 4045 aliquando
1387 3956 1556 4047 conuersus·
1571 3958 1719 4051 confirmo
1735 3959 1821 4051 sru-

606 4079 677 4157 ηρ
691 4075 776 4132 eruo.
825 4050 916 4123 Licet
935 4067 1040 4122 motem
1053 4070 1153 4144 graue
1167 4055 1264 4125 nimis
1281 4049 1435 4150 uideatur
1449 4075 1482 4128 et
1497 4056 1686 4157 laboriosum
1703 4058 1817 4159 exule·

1457 4180 1462 4193 ’
1777 4185 1822 4234 5!
