4859 5200
1052 605 1347 706 ocimi*
1437 674 1441 681 -

551 738 556 753 '
608 744 798 842 urgentibus
812 738 943 837 agendis
971 746 1148 811 innumeris
1171 738 1380 811 meditatione
1410 736 1581 838 multiplici
1601 741 1808 843 distrahatur,

607 871 778 944 numquam
806 866 910 915 tomen
937 841 976 910 ab
990 842 1043 911 ilo
1058 844 1182 912 oculum
1205 840 1325 937 nestrae
1341 850 1485 913 intentae
1501 845 1754 937 considerationis
1768 878 1808 924 a·
1863 928 1867 939 ⁸

607 956 720 1021 vertit.
765 948 912 1017 Imminet
928 951 1010 1012 enim
1025 943 1115 1013 nobis
1132 940 1337 1042 compaffionis
1354 967 1390 1012 oc
1407 941 1527 1013 doloris
1543 948 1645 1029 multa
1662 961 1808 1045 materia,

607 1050 694 1150 quod
708 1046 856 1119 videmus
874 1046 1029 1138 plurimos
1062 1043 1218 1114 diabolica
1236 1042 1361 1135 fraude
1375 1043 1518 1139 deceptos
1544 1047 1648 1117 cordis
1663 1059 1811 1124 coecitate

601 1157 724 1248 perire,
746 1146 930 1233 nonnullos,
954 1153 1011 1241 qui
1029 1154 1117 1215 viam
1126 1143 1386 1241 salatisprorsus
1401 1152 1566 1239 optarant,
1593 1150 1711 1219 multos
1731 1176 1809 1225 vero

607 1257 756 1348 quoniam
777 1247 816 1316 ab
841 1270 877 1315 ea
902 1245 1128 1333 damnabiliter
1151 1245 1379 1318 declinarunt:
1441 1246 1556 1338 Quare
1581 1267 1701 1343 oportet
1717 1276 1757 1321 ne
1774 1261 1811 1326 in

606 1348 747 1448 commiffi
759 1347 847 1419 nolis
863 1345 954 1442 officii
973 1354 1154 1416 executione
1169 1344 1208 1415 id
1230 1343 1317 1442 quod
1333 1353 1432 1439 magis
1449 1346 1576 1442 expedit
1593 1406 1602 1437 ‚
1636 1369 1695 1444 per
1708 1352 1811 1445 negli-

601 1460 743 1547 gentiam
762 1456 965 1534 omittamus,
987 1468 1027 1517 νε
1043 1455 1221 1517 animorum
1240 1445 1373 1541 ipsorum
1381 1448 1553 1541 periculis,
1581 1450 1696 1545 quibus
1708 1448 1811 1547 poffic·
1884 1510 1891 1521 ,

608 1578 678 1626 mus
692 1551 839 1627 remediis
856 1549 1027 1619 oiuiemus.
1087 1550 1248 1641 Rogantes
1267 1546 1457 1645 Altifftmum
1477 1602 1488 1634 ‚
1516 1547 1604 1646 quod
1619 1552 1821 1643 errantibus,¹

607 1675 648 1725 vt
661 1662 697 1725 in
711 1661 799 1723 viam
810 1649 921 1748 pofflnt
936 1647 1040 1742 redire
1057 1648 1195 1742 iustitiae
1211 1703 1222 1734 ,
1264 1655 1417 1717 veritatis
1439 1647 1515 1738 suae
1529 1652 1637 1721 lumen
1660 1650 1811 1745 ostendat,

607 1777 650 1826 νε
671 1752 879 1848 cognoscentes
894 1752 1132 1838 veramlucem,
1155 1773 1236 1847 quae
1258 1745 1488 1822 cnn‘tsavs
1504 1749 1562 1841 cll,
1584 1752 1637 1821 illa
1652 1750 1813 1847 respuant,

608 1882 688 1955 quae
715 1859 789 1926 huic
814 1857 943 1925 inimica
958 1844 1046 1949 stant
1070 1860 1219 1937 nomini,
1257 1870 1291 1918 et
1304 1875 1341 1919 ea
1358 1874 1439 1946 quae
1454 1848 1536 1942 sunt
1550 1872 1625 1947 apta
1633 1851 1812 1944 fodientur.

607 1959 687 2033 Cum
704 1978 808 2026 autem
821 1954 901 2044 ficret
917 1950 1111 2046 Magnificus
1131 1955 1279 2047 Princeps
1295 1977 1319 2024 A
1330 1975 1350 2023 a
1362 1976 1385 2023 n
1396 1975 1492 2027 cna
1507 1954 1580 2021 Rex
1598 1956 1813 2027 Orientalium

608 2060 819 2127 Tartarooum
846 2052 972 2149 ilustris
991 2110 999 2139 ,
1023 2052 1135 2144 felicis
1154 2052 1381 2122 recordationis
1408 2074 1586 2123 touNNt
1603 2052 1707 2145 Papae
1716 2073 1814 2147 prae·

608 2151 749 2247 deseffoti
776 2152 904 2245 nossro,
937 2160 1065 2246 eiusque
1080 2150 1278 2240 fratribus,
1311 2159 1397 2217 inter
1421 2173 1499 2245 quor
1513 2175 1571 2219 nos
1584 2172 1663 2219 tunc
1681 2152 1814 2245 efficium

611 2254 838 2326 cardinalatus
852 2249 1000 2335 babebat,
1017 2247 1089 2338 satis
1104 2251 1227 2317 litteris
1242 2266 1274 2315 et
1291 2254 1418 2315 nuntiis
1435 2256 1619 2339 intimauit,
1647 2250 1816 2351 carifflmuo

611 2364 645 2427 iu
663 2374 863 2430 cttnrsro
871 2348 972 2443 filius.
988 2346 1087 2442 reoster
1110 2369 1366 2438 Qvoarnnu,
1411 2349 1552 2441 Magnus
1570 2352 1685 2442 Citam,
1715 2357 1816 2451 Impe-

609 2476 715 2543 rator,
738 2473 770 2523 et
788 2449 967 2522 moderator
983 2455 1122 2519 omnium
1142 2447 1512 2542 Tartarorumlllnstris,
1541 2459 1598 2548 qui
1620 2451 1817 2547 christianas

608 2554 772 2655 offeritur,
806 2549 918 2649 etipse
937 2552 1042 2647 plenis
1067 2547 1232 2645 expellent
1255 2542 1420 2647 affitlilus
1441 2546 1590 2648 personas
1615 2554 1742 2652 aliquas
1772 2548 1820 2630 ad
1909 2560 1915 2567 ’

603 2681 714 2758 partes
730 2659 800 2728 ilas
813 2677 869 2751 per
885 2657 1059 2724 Romanam
1078 2651 1245 2745 Ecclestam
1263 2648 1435 2745 destinari,
1464 2673 1523 2750 per
1538 2680 1618 2751 quas
1633 2653 1713 2751 ipst,
1734 2653 1818 2751 filii,
1872 2721 1878 2734 ,

603 2762 775 2860 populique
781 2756 839 2850 sui
849 2752 959 2852 poffint
975 2762 1010 2824 in
1027 2750 1194 2846 christiana
1202 2750 1273 2844 fide
1287 2750 1417 2844 instrui,
1443 2774 1482 2842 et¹
1493 2755 1533 2823 ab
1549 2755 1666 2826 eisdem
1676 2756 1820 2852 personis

605 2860 763 2961 praediili
771 2858 861 2953 filii,
889 2877 921 2925 et
932 2857 1062 2951 populi,
1089 2854 1210 2950 aliique
1226 2851 1266 2922 de
1283 2851 1418 2948 ipsorum
1436 2855 1627 2927 exercitibus
1644 2857 1817 2953 baptizati.

609 2966 686 3034 Nos
705 2982 901 3035 enatem
940 2957 1087 3024 Vitarius
1105 2975 1136 3020 et
1159 2954 1243 3021 beati
1259 2978 1424 3043 perna,
1466 2953 1649 3049 disponente
1671 2963 1820 3051 Domino,

609 3066 683 3134 licet
698 3065 867 3144 immeriti,
885 3053 1066 3146 succellorcs
1082 3045 1205 3144 offelli,
1226 3049 1388 3143 praediHi
1406 3073 1629 3128 Annam
1650 3079 1818 3150 gratant-

609 3164 657 3233 its
674 3160 939 3258 quamplurimum
950 3160 1147 3245 perceptione
1165 3157 1311 3218 commoti
1329 3206 1338 3234 ,
1371 3170 1412 3220 νε
1424 3168 1484 3246 pro
1508 3171 1672 3226 tantorum
1690 3157 1818 3231 Poinoi·

606 3281 683 3358 pum
698 3287 713 3345 ‚·
742 3279 773 3325 et
788 3255 973 3349 populorum
986 3247 1184 3344 procuranda
1203 3247 1308 3338 salute
1326 3248 1501 3339 seruitutis
1533 3253 1654 3344 nostrae
1677 3255 1821 3328 delitum

611 3359 811 3442 exoluomut,
837 3350 882 3421 ad
899 3373 959 3419 vos
975 3372 1054 3445 quos
1069 3354 1217 3416 nouimus
1235 3355 1324 3414 viros
1348 3349 1509 3436 religionis
1528 3350 1676 3422 claritate
1686 3352 1821 3450 fulgen

611 3485 677 3548 tes,
704 3479 823 3528 moretm
838 3448 994 3545 boraestate
1009 3447 1156 3528 decoros,
1195 3465 1228 3515 et
1245 3442 1443 3538 diuersarum
1461 3455 1625 3522 virtutum
1643 3455 1752 3525 titulis
1766 3455 1822 3530 di.

610 3569 737 3638 vituitus
754 3556 943 3651 infignitos,
978 3578 1015 3621 oc
1031 3547 1170 3620 litterali
1184 3543 1323 3639 scientia
1347 3549 1567 3645 multipliciter
1587 3552 1818 3650 circumfultor,

606 3670 763 3766 propriam
780 3677 914 3730 urentem
931 3658 1164 3745 corruertimus,
1190 3667 1222 3718 et
1238 3649 1342 3718 oculos
1356 3648 1557 3744 fiducialiter
1580 3664 1755 3752 aperimus,
1777 3682 1820 3732 νε

610 3766 702 3842 uobis
720 3764 761 3837 de
776 3783 910 3861 qnorum
920 3752 1068 3854 fludiofis
1084 3750 1228 3849 operibus
1236 3747 1373 3842 stulius
1398 3754 1517 3842 miles,
1553 3758 1622 3832 Dea
1632 3759 1770 3855 placitos
1783 3781 1821 3833 eo

609 3869 698 3942 nobis
713 3859 1022 3961 acceptosjperamus
1038 3910 1049 3941 ,
1086 3875 1119 3924 ct
1135 3848 1292 3924 credimus
1302 3871 1538 3950 prouentum,
1553 3856 1652 3956 super
1669 3863 1725 3934 im
1741 3885 1822 3933 casua
1924 3877 1936 3894 ··

610 3967 731 4065 nostrae
745 3960 965 4056 solicitudinis
985 3964 1193 4054 imponamus.
1256 3953 1320 4025 Vos
1335 3961 1435 4047 igitur
1452 3954 1498 4027 ad
1511 3980 1622 4056 parces
1639 3962 1764 4035 easdam
1779 3959 1823 4035 de
1855 3983 1862 3994 ·

601 4069 751 4167 fratrum
768 4063 938 4162 mflrarum
960 4059 1109 4157 confilio,
1143 4052 1436 4154 tamquamsalutis
1457 4060 1661 4162 Angelosad
1674 4087 1825 4138 exercerc.

1234 4155 1288 4251 (¹)
1745 4162 1825 4241 dum
