4859 5200
753 743 757 752 .
1075 631 1267 754 “21⁵⁷
1293 633 1312 731 (
1341 639 1399 712 ²⁶
1470 660 1473 667 ’

539 775 542 781 “
626 768 815 865 obseruent,
834 790 999 868 tecumque
1012 769 1194 864 glorientur
1217 778 1342 843 nomine
1368 768 1562 867 Christiano,
1588 761 1622 843 it
1638 771 1726 865 salui
1739 769 1842 866 fiant,

624 897 681 942 nec
694 890 827 967 pereant
843 878 879 941 in
897 891 1073 944 oeternum.
1116 874 1230 970 ltaque
1247 868 1529 965 misericordiarum
1544 873 1721 962 Dominus,
1737 894 1835 971 atque

616 991 714 1066 poter
729 979 782 1042 tui
796 969 998 1040 abundanter
1013 968 1156 1060 misereri
1176 972 1348 1066 dignetur,
1374 969 1578 1070 conferotque
1594 970 1654 1041 tili
1669 980 1785 1065 iugiter
1799 981 1835 1044 in
1900 1062 1901 1066 Ἰ

621 1073 719 1143 huius
741 1077 833 1141 uitae
843 1067 948 1162 stadio
957 1068 1192 1164 plenitudinem
1204 1081 1295 1168 pacis
1310 1068 1476 1163 etgaudii,
1499 1095 1536 1143 et
1546 1069 1612 1166 post
1638 1079 1689 1140 tui
1706 1070 1832 1167 dilloltt·

622 1179 742 1241 tionem
768 1193 913 1239 corneum
935 1167 983 1248 ad
1005 1194 1151 1241 aeternae
1177 1171 1392 1243 iucunditatis
1408 1169 1518 1260 ferias
1544 1190 1577 1259 te
1596 1170 1773 1266 perducat,
1799 1194 1832 1242 tt

618 1271 796 1364 glorianter
813 1269 934 1339 coloret
951 1276 987 1338 in
1003 1269 1137 1362 excelsis.
1180 1273 1258 1341 Noa
1275 1290 1401 1366 nempe,
1413 1296 1451 1339 ao
1465 1269 1573 1341 eadem
1594 1273 1686 1344 Rom.
1704 1270 1825 1362 eeclefia

622 1369 684 1439 tibi
699 1377 817 1467 copiam
831 1366 1225 1441 benedillioniouberimae
1235 1373 1415 1466 policamur
1438 1377 1525 1442 omni
1540 1389 1676 1465 tempore
1689 1389 1829 1467 prouert-

621 1488 748 1559 turam,
785 1491 817 1538 et
844 1467 978 1540 deuotis·
993 1465 1159 1565 offiililus
1172 1463 1382 1566 'exorabimus
1412 1467 1609 1562 miserantem
1634 1469 1828 1541 elementiam

608 1563 736 1665 fiommi
748 1576 871 1663 patris,
894 1590 935 1637 vt
956 1591 1119 1666 nunquam
1144 1576 1179 1639 iro
1194 1591 1228 1641 te
1244 1570 1371 1664 deficiat
1387 1568 1474 1663 fides
1486 1567 1570 1662 suo,
1596 1593 1691 1666 quom
1708 1577 1743 1641 in
1761 1575 1828 1640 tuis

614 1667 811 1760 praecordiis
826 1665 959 1737 duxerit
974 1666 1191 1761 inserendam
1207 1669 1272 1761 sed
1282 1691 1343 1766 pro
1357 1671 1467 1762 banio,
1492 1692 1574 1767 quoe
1591 1668 1727 1761 facerit,
1738 1750 1741 1754 Α
1752 1694 1825 1740 cen·

619 1767 743 1860 tuplum
760 1765 800 1835 de
811 1767 958 1861 polorum
972 1766 1148 1838 altitudine
1162 1777 1198 1839 in
1213 1779 1310 1842 terris
1321 1776 1486 1868 pereipiat,
1500 1789 1534 1840 et
1540 1768 1700 1866 supernis.
1742 1773 1820 1841 Dat.

617 1864 720 1940 Auin.
738 1866 815 1940 Kal.
825 1862 960 1937 allobrit
970 1892 1061 1941 -anno
1079 1867 1207 1943 XVlIl.

1020 2029 1025 2039 “
1055 2080 1375 2178 N.va1111.

667 2240 726 2318 Ex
743 2243 869 2319 iisdem
878 2239 987 2323 leitt.

714 2366 893 2456 Magnifioo
905 2368 974 2436 viro
997 2386 1091 2437 tace
1104 2367 1146 2458 (ι)
1160 2373 1200 2440 de
1217 2390 1425 2444 nuncient
1446 2372 1525 2460 Regi
1539 2371 1743 2458 Corum,(2)
1757 2324 1820 2440 οξ.
1902 2343 1904 2347 ’

781 2456 1159 2542 umdiligereettimere.
1555 2492 1558 2497 ·

612 2572 732 2745 Deo
748 2606 825 2670 uiuo
842 2620 875 2670 et
891 2622 969 2669 vero
987 2600 1066 2694 Regi
1080 2600 1222 2695 Regum,
1246 2621 1280 2670 et
1294 2596 1671 2700 dominantiumDomino
1684 2617 1813 2693 gratum

706 2697 842 2795 praeflm
862 2696 1062 2794 obsequium,
1090 2717 1159 2770 cum
1169 2699 1441 2797 Chrillianosfiue
1454 2709 1604 2799 antiquos
1624 2700 1691 2793 fine
1707 2698 1815 2771 nouel·
1910 2753 1916 2776 ,

608 2802 679 2893 los,
697 2806 732 2867 in
739 2795 809 2891 fide
834 2821 894 2872 cn
906 2823 929 2868 R
941 2820 1034 2871 ιςτι
1058 2821 1283 2870 commorantes
1298 2806 1334 2870 in
1350 2825 1441 2893 regno
1459 2823 1533 2887 tuo,
1549 2801 1682 2892 benigna
1701 2801 1813 2868 huma·

609 2907 712 2970 nitate
724 2896 930 2993 prosequeris,
947 2918 979 2965 et
987 2896 1119 2987 fauoris
1134 2895 1374 2990 monsotetudine
1389 2896 1511 2968 trullas
1527 2899 1616 2982 ilos3
1642 2893 1730 2994 quod
1743 2902 1815 2993 qui-

609 2995 682 3066 dem
697 2996 854 3063 laetanter
872 2991 1056 3060 audiuimus
1071 3013 1104 3058 te
1112 2993 1227 3081 feciffe.
1281 2994 1373 3060 Vnde
1387 3018 1458 3060 cum
1473 2997 1530 3060 hoa
1546 3003 1669 3063 nomini
1685 3017 1740 3065 tuo
1758 2995 1813 3067 lo·

609 3118 684 3165 nam
720 3082 822 3161 amam
837 3086 971 3159 adiiciat
989 3108 1020 3157 et
1040 3090 1206 3175 honorem,
1228 3106 1266 3157 tu
1281 3088 1394 3157 leuans
1416 3108 1492 3159 tuoe
1508 3097 1623 3160 mentis
1647 3089 1751 3160 oculos
1768 3092 1815 3166 ad

611 3191 745 3265 diuinae
770 3192 1027 3282 omnipotentiam
1067 3183 1260 3280 maiestatis,
1288 3195 1369 3259 cirea
1387 3185 1425 3257 id
1440 3187 1567 3283 benigne
1592 3197 1755 3280 continues
1775 3197 1813 3262 in

605 3291 781 3388 posterum,
809 3284 897 3383 qnod
912 3287 1070 3381 bucusque
1087 3284 1292 3356 landabiliter
1309 3282 1453 3383 ffatiflo':
1478 3309 1553 3356 nam
1568 3287 1607 3357 ab
1623 3292 1680 3383 looc
1696 3296 1732 3358 in
1741 3288 1812 3382 glo·

609 3391 660 3461 ria
670 3387 851 3483 firmabiter
867 3382 1084 3476 tuumsolium
1106 3382 1189 3454 diiii
1214 3393 1322 3477 regni,
1366 3405 1399 3453 et
1410 3384 1440 3475 fi
1453 3384 1625 3456 credideris
1648 3394 1683 3456 in
1710 3384 1812 3457 domi·

608 3514 686 3563 num
711 3486 846 3583 nostrum
891 3508 1034 3557 12va
1069 3485 1333 3577 cuatsr'vot,
1359 3484 1512 3577 etfuerir
1535 3487 1739 3584 baptizatus,
1763 3486 1811 3559 le·

587 3606 733 3689 ¹gemque
752 3584 977 3681 Clorr'g‘liaroom,
991 3586 1061 3676 stne
1079 3610 1142 3683 qua
1158 3586 1262 3656 nulus
1271 3583 1438 3678 soluatur,
1446 3585 1618 3685 susceperis
1643 3607 1675 3657 et
1698 3587 1808 3685 imple·

608 3700 716 3779 veris,
734 3689 850 3783 saluus
862 3694 940 3758 erit.
964 3693 1024 3778 ῃ)
1053 3673 1166 3781 Quare
1180 3712 1255 3778 nos,
1273 3694 1330 3785 qui
1348 3689 1422 3757 licet
1440 3695 1603 3776 immeriti,
1621 3687 1710 3760 leoto
1736 3712 1809 3766 η·

579 3779 581 3786 ’
608 3815 700 3865 no
718 3795 858 3888 principi
863 3783 1048 3880 sonflornm
1064 3786 1280 3883 Apostolorum
1296 3786 1517 3881 stotcedtmut,
1542 3787 1723 3862 Vitariatut
1744 3787 1810 3886 offi-

1171 3890 1274 3984 (v)3
1728 3898 1811 3962 aium

652 4064 696 4147 (1)
719 4081 869 4140 socuo,
899 4043 1108 4128 volumno.
1159 4065 1210 4146 (2)
1231 4060 1297 4132 ollii
1311 4064 1463 4142 Aconum.
1513 4067 1563 4151 (3)
1580 4009 1811 4158 Quae-sequare

704 4166 781 4225 tur,
801 4148 894 4219 babet
910 4167 1173 4217 Wnnntxovs.
