4859 5200
958 542 1323 671 ΗΜ»,

513 752 517 760 ·
605 725 657 797 dio
672 726 798 820 Imperio
809 722 1061 816 familiaritatis,
1082 750 1112 797 et
1117 730 1276 825 potesiatis
1305 732 1637 835 aniloritatcsalgatss‚
1663 766 1701 815 ot
1713 752 1763 817 in-'

605 824 781 909 celerrimus,
803 824 1064 919 aliis‘Clrcslianis
1075 831 1242 925 inlnperio
1257 832 1306 899 ido
1320 832 1493 923 degentibus
1497 838 1645 927 feruores,
1668 853 1760 915 auxi-

605 922 652 990 lia
665 944 695 990 et
711 926 830 1013 confilio
848 940 1010 1017 opportuna
1033 925 1164 995 libenter
1182 928 1375 1023 impenditis,
1402 952 1433 998 ct
1444 934 1528 1025 aprsd
1552 938 1762 1029 Imperatorem

605 1018 744 1089 eumdem
755 1044 810 1114 pro
819 1027 945 1111 gratiis,
969 1044 1000 1091 et
1006 1026 1178 1118 priuilegiis
1192 1033 1239 1094 eis
1251 1023 1416 1121 necesariis
1431 1048 1460 1095 ct
1474 1040 1645 1122 opportunis
1665 1042 1758 1107 inteo-

598 1125 715 1209 ponitis
718 1116 935 1209 sollicitudinis
948 1120 1064 1215 vesicae
1069 1141 1191 1215 portes,
1212 1122 1354 1221 qnodque
1359 1125 1446 1218 pleni
1464 1128 1533 1196 celo
1551 1132 1629 1215 Dei,
1654 1150 1684 1197 et
1688 1131 1759 1219 fer·

604 1215 766 1303 vorefidei
791 1213 977 1308 Christianae
994 1216 1172 1309 sementes,
1195 1222 1387 1317 volernesquc
1411 1225 1586 1317 temporalia
1600 1225 1759 1321 prospiri-

604 1313 759 1401 tualihus,
796 1335 826 1381 et
851 1332 971 1385 terrena
992 1335 1050 1409 pro
1076 1316 1245 1410 caelestibus
1259 1316 1352 1407 salici
1375 1328 1544 1391 commercio
1568 1346 1761 1410 commutare,

603 1434 702 1479 vnum
707 1412 849 1503 sacricium
877 1410 1008 1503 vesirtcm
1022 1419 1163 1505 optimum
1187 1415 1309 1485 suidam
1334 1415 1473 1511 Episcopo
1486 1416 1526 1487 de
1554 1420 1669 1489 Ordine
1685 1423 1760 1490 Fra·

604 1528 689 1577 trum
721 1515 881 1581 Minotwn
907 1514 941 1577 in
963 1514 1088 1577 ciuitate
1112 1510 1274 1578 Atmaltcb
1299 1512 1460 1605 deputato,
1484 1534 1544 1605 pro
1566 1514 1763 1606 consolatione

604 1606 722 1696 veslra,
748 1627 777 1675 et
793 1603 1029 1691 Chrislianotnm
1052 1604 1165 1675 ibidem
1193 1606 1380 1697 degentium,
1404 1606 1565 1677 donatione
1577 1610 1672 1678 libera
1691 1633 1760 1678 cott-

605 1700 736 1795 ceffissis‚
760 1709 793 1769 in
808 1728 866 1796 quo
881 1701 926 1770 ad
937 1698 1068 1772 landem
1078 1702 1182 1771 diuini
1200 1710 1333 1771 nominis
1353 1706 1427 1773 talis
1433 1704 1561 1800 pulchra
1576 1706 1706 1797 Ecclesia
1720 1706 1759 1799 ess

605 1798 782 1895 corporatio.
833 1801 907 1868 Noc
928 1818 1029 1867 autem
1042 1820 1100 1867 vos
1114 1796 1209 1891 snper
1221 1820 1268 1867 tot
1281 1820 1311 1867 et
1339 1806 1435 1868 tantis
1452 1803 1588 1892 operibus
1598 1809 1762 1871 meritoriis

605 1900 812 1992 multipliciter
834 1903 868 1964 in
882 1900 1014 1967 Domino
1037 1894 1294 1982 commendantes,
1320 1904 1410 1985 etei,
1434 1896 1622 1993 qoificsnoe
1641 1910 1761 1991 gratioe

606 1999 720 2065 lumine
733 1992 879 2088 ilrsslrare
902 1993 1046 2086 dignatus
1065 1993 1104 2087 esi
1118 2016 1230 2062 mentes
1244 1993 1378 2088 vesicas,
1402 2000 1436 2063 in
1447 1996 1618 2063 hontilitate
1631 1996 1761 2089 spiritate

601 2101 722 2187 gratias
744 2092 925 2181 referentes,
948 2092 1136 2159 nobilitatem
1158 2092 1290 2183 vestram
1304 2114 1444 2181 rogamus
1461 2097 1628 2169 attentius,
1648 2112 1678 2157 et
1690 2094 1761 2160 hor-

605 2215 727 2276 tamen,
751 2210 901 2283 quatenns
914 2190 985 2255 boec
999 2184 1224 2278 veslrafincera
1238 2185 1358 2254 deuotio
1372 2207 1403 2253 et
1417 2204 1507 2280 opera
1518 2185 1706 2273 laudabilia,
1732 2202 1762 2255 et

605 2294 763 2361 nteriton‘a
777 2310 837 2354 non
861 2292 1042 2352 minuantur
1057 2289 1089 2352 in
1112 2281 1217 2365 nobis,
1234 2280 1295 2371 scd
1305 2280 1453 2367 crescant,
1476 2304 1515 2350 vt
1534 2300 1592 2377 per
1608 2308 1661 2371 ea,
1688 2310 1763 2359 anae

606 2398 638 2457 in
651 2383 801 2479 praesenti
815 2389 884 2450 vita
890 2380 1048 2469 feceritis,
1074 2398 1212 2447 astoricae
1226 2381 1357 2447 caleatis
1361 2378 1527 2468 felicitatis
1546 2370 1762 2452 beatitudinem

605 2482 739 2577 adipisci.
790 2482 928 2549 Ceterum
935 2498 993 2571 pro
1008 2478 1203 2559 consolatione
1217 2476 1333 2570 mesina,
1358 2498 1389 2544 et
1402 2478 1532 2549 aliorum
1538 2476 1680 2569 fideliam
1687 2498 1764 2571 par·

604 2594 681 2654 tium
696 2582 835 2665 illarum,
858 2576 944 2649 etad
967 2572 1176 2672 ostendendam
1200 2575 1314 2646 clarius
1340 2574 1528 2670 Chnslianae
1543 2572 1624 2666 fidei
1646 2582 1763 2648 vetita·

606 2705 666 2752 tem
683 2678 728 2750 ad
747 2697 852 2773 partes
867 2673 988 2746 easdem
1015 2672 1204 2744 intendimus
1228 2671 1339 2767 nostros
1369 2675 1513 2764 Legatos,
1530 2669 1589 2762 seu
1609 2673 1763 2758 Nnnoioa,

603 2773 919 2873 Diuinasnssagante
927 2779 1053 2866 gratia,
1075 2769 1236 2862 desinare.
1283 2775 1401 2842 Datum
1415 2767 1566 2880 vostepta.

1030 2977 1089 3052 N.
1140 2967 1339 3048 LXXXI.

661 3117 726 3202 Ex
757 3135 795 3194 ι.
824 3119 1126 3194 wanotnoo
1152 3089 1181 3179 l.
1209 3117 1245 3176 c.

733 3243 918 3346 Magnifico
935 3233 1079 3344 l'tincipi
1103 3251 1289 3312 veneco,
1310 3219 1508 3332 Imperatori
1530 3223 1765 3346 Tariotarum,

818 3352 852 3420 ei
868 3359 997 3433 magno
1011 3331 1081 3406 filio
1102 3349 1272 3434 cuttec
1284 3346 1360 3431 ΑΨ
1382 3335 1523 3432 gratiam
1537 3343 1574 3393 m
1588 3321 1764 3418 praesignes,

819 3460 909 3541 quae
925 3432 1090 3533 perducat
1103 3425 1147 3502 ad
1164 3427 1309 3525 glottam
1322 3443 1361 3492 tn
1375 3431 1502 3496 tuturo.

605 3631 811 3804 -anlnmti
835 3641 1021 3729 percepimus
1045 3633 1168 3713 animo,
1190 3617 1275 3718 qnod
1299 3640 1354 3688 tna
1383 3613 1613 3730 Magnificentia
1636 3617 1768 3710 operibns

635 3755 671 3800 ..t
695 3743 819 3836 pietatis
832 3743 968 3811 intenta,
996 3725 1176 3818 christianos
1182 3718 1293 3813 fideles
1306 3725 1339 3786 in
1354 3737 1405 3787 tuo
1415 3716 1556 3828 ‘degentes
1583 3713 1767 3826 imperioso·

611 3844 736 3914 vorilrss
752 3855 781 3902 et
791 3837 903 3925 gratiis
912 3849 967 3924 pro
982 3824 1090 3895 diuina
1105 3823 1241 3892 tenentia
1250 3813 1438 3912 prosequens
1459 3831 1645 3905 opportunos,
1671 3809 1769 3904 quod

610 3969 668 4039 spese
685 3933 842 4010 Franibtss
856 3924 1034 4000 Meroetica
1048 3931 1081 3994 in
1102 3911 1402 4104 lntperipzpraediilo
1424 3907 1628 3993 morantibus,
1656 3927 1769 4072 capp:
