4859 5200
836 532 1175 655 ΠΜ»

446 734 650 823 quantitatem
660 728 787 823 subfidii
800 750 829 799 et
842 729 1012 802 deuotionis
1027 730 1169 829 offitium
1181 733 1262 803 ilinc
1283 733 1508 828 indulgentiae,
1531 757 1610 831 qnae

446 828 544 912 vobis,
573 850 605 899 ec
629 829 744 901 eisdem
767 831 925 900 Fratribus
941 829 986 901 ad
1008 831 1220 927 debiasparres
1243 834 1449 903 accedentibus
1475 831 1514 925 eli
1540 857 1610 901 con·

445 919 516 1018 ceffia
548 982 561 1015 ‚
604 934 866 1024 participationem
888 928 1099 1017 concedimus,
1149 937 1240 998 ateis
1256 931 1396 1025 proficiat
1413 929 1457 1001 ad
1469 930 1609 1019 salutent.

360 1070 362 1077 ·
447 1022 541 1094 Vobis
558 1026 689 1121 influet,
716 1047 747 1096 et
767 1028 888 1097 cuilibet
905 1026 1048 1122 vestrum,
1066 1025 1248 1097 auliaritate
1285 1028 1451 1123 Apaflalica
1475 1027 1609 1096 coucedi·

444 1144 525 1211 mut,
551 1144 589 1193 vt
604 1132 638 1193 in
649 1125 836 1211 ciuitatibus,
863 1125 995 1220 castris.
1020 1124 1253 1216 velVidis‚seu
1278 1127 1352 1196 locis
1374 1127 1610 1221 quibuscumque

443 1217 720 1310 moderandum,
745 1224 869 1307 domos,
894 1246 924 1291 et
954 1226 1020 1294 loca
1037 1248 1242 1321 quaecumque
1251 1243 1310 1319 pra
1333 1225 1490 1294 Fratribus
1512 1222 1610 1292 Ordi-

442 1322 494 1387 rtis
517 1318 611 1414 vcpIri
623 1320 663 1389 de
676 1343 754 1391 nouo
769 1330 907 1415 recipere,
916 1328 976 1413 jeu
997 1322 1145 1392 bailenut
1165 1340 1282 1418 recepta
1304 1343 1449 1397 mutaret
1496 1323 1553 1391 uel
1571 1345 1610 1390 ea

436 1426 682 1511 permutationis,
705 1420 881 1491 donatianis
906 1441 961 1489 aut
984 1427 1116 1491 cuiusuis
1139 1424 1268 1491 alterins
1294 1424 1489 1492 alienationis
1518 1419 1608 1487 titrclo
1679 1474 1686 1484 .

440 1518 475 1586 in
490 1518 569 1587 alios
584 1515 780 1604 transserrw
829 1518 1121 1606 commodauerat,
1139 1545 1218 1615 quae
1237 1544 1276 1588 ex
1299 1520 1386 1598 causa
1409 1523 1608 1613 permutatio·

439 1619 514 1695 nis,
545 1636 600 1684 ant
613 1624 748 1686 cuiusuis
772 1618 900 1687 alterins
917 1619 1114 1686 alienationis
1130 1616 1306 1710 praedil‘lae
1325 1620 1432 1688 titulos
1450 1640 1508 1687 voc
1536 1638 1604 1685 con·

399 1751 401 1757 ·
438 1716 568 1804 tingeret
583 1711 672 1802 forte
688 1722 824 1809 recipere,
850 1722 885 1784 in
907 1716 1125 1810 ecquidnam,
1146 1715 1389 1810 conflrubiionc,
1413 1715 1470 1785 vel
1480 1713 1605 1807 amplia·

438 1812 814 1893 tionelocornmaliornm
833 1812 1108 1901 truncatorum,
1129 1818 1243 1884 utilius
1273 1822 1308 1885 in
1328 1812 1441 1883 eisdem
1464 1810 1605 1907 partibus

437 1908 667 2004 expendamus,
691 1932 722 1981 et
739 1913 803 1981 loca
806 1912 909 2001 semel
931 1914 998 1982 Deo
1027 1912 1134 2004 dicata
1151 1911 1296 2007 profanis
1307 1911 1409 2005 aſsius
1435 1911 1606 1981 nullatenus

437 2010 632 2101 applicentur,
645 2016 680 2079 in
688 2016 910 2106 permutatione
931 2030 961 2079 et
981 2010 1143 2082 donatione
1159 2010 1337 2080 huiusmodi
1354 2011 1486 2078 locorum
1510 2009 1605 2077 Diae·

437 2111 617 2193 telemacum,
628 2117 726 2201 petita
751 2111 952 2178 nibilominus
975 2112 1115 2196 licentia,
1139 2127 1169 2178 et
1186 2106 1356 2176 obtentade
1375 2104 1485 2197 noflra,
1504 2124 1534 2172 et
1553 2100 1605 2171 di·

437 2200 505 2270 liae
518 2204 608 2274 Sedis
614 2204 738 2298 speciali
752 2206 884 2290 licentia,
895 2204 1153 2297 constitutionibus
1164 2202 1271 2292 felicis
1296 2202 1513 2271 recordationis
1538 2221 1604 2269 lto·

435 2322 619 2375 Nlrnctr
634 2304 734 2396 Papae
763 2303 854 2378 VIII.
859 2299 1083 2397 praedecessoris
1098 2301 1201 2395 infici,
1216 2322 1247 2371 et
1270 2303 1400 2370 aliorum
1422 2298 1603 2390 Pontificum

435 2400 643 2471 Romanortcm
657 2396 908 2496 praedeceffarnm
926 2398 1088 2494 nostorum,
1110 2410 1144 2469 in
1160 2406 1346 2469 contrarium
1359 2397 1470 2481 editis,
1488 2394 1604 2485 etianrfi

434 2497 473 2569 de
487 2499 547 2568 illis
559 2501 684 2594 plenam
700 2520 730 2570 et
744 2495 915 2595 euprefflem,
931 2526 965 2569 ac
982 2498 1022 2569 de
1044 2501 1137 2569 verbo
1161 2497 1205 2567 ad
1224 2497 1364 2582 verbum,
1382 2503 1417 2565 in
1435 2494 1604 2589 praesenti·

434 2599 491 2669 bns
511 2618 644 2694 oporteat
662 2597 738 2689 fieri
761 2605 953 2686 mentionem,
982 2621 1174 2695 nequaquam
1213 2593 1410 2690 obstantibus,
1447 2593 1602 2664 ualeatict
1699 2657 1702 2664 .

358 2777 364 2794 ¹
434 2697 599 2769 dnmmodo
623 2697 756 2784 locaseu
775 2697 885 2768 domuc
910 2699 1101 2781 huiusmodi,
1123 2719 1201 2794 quat
1214 2700 1363 2789 recipietis
1386 2692 1425 2763 de
1445 2712 1542 2775 nocco,
1566 2693 1618 2755 in·

434 2797 632 2881 Ciuitatibns,
651 2795 773 2885 castres,
802 2799 859 2865 vel
873 2797 971 2882 Vadis,
994 2803 1133 2890 partium
1153 2793 1345 2877 earumdem,
1364 2800 1399 2862 t'n
1424 2789 1535 2884 quibua
1546 2783 1601 2854 do·
1616 2823 1632 2844 ·-

432 2920 511 2976 mus,
520 2891 578 2980 seu
596 2895 657 2960 loca
671 2896 803 2961 aliosacm
826 2891 982 2960 Ordinum
993 2891 1233 2959 mendicantium
1254 2893 1414 2954 extiterint
1441 2909 1462 2951 a
1475 2881 1601 2976 praedi·

433 2991 491 3060 [irs
506 2987 657 3065 domibus,
665 2988 723 3068 secl
739 2989 810 3049 locis
821 3003 876 3071 per
884 2986 1021 3070 spatium
1040 2992 1169 3068 triginta
1190 3005 1359 3046 cannarum
1379 2978 1601 3064 mensuranda·

434 3104 568 3177 rumpet
584 3103 695 3164 aerem,
709 3076 766 3145 vbi
778 3078 859 3144 alias
891 3071 1059 3162 mensurari
1074 3074 1132 3144 loci
1153 3070 1301 3164 despadtit
1321 3095 1383 3141 non
1399 3079 1600 3164 permitteret,

410 3252 413 3258 ,
434 3181 545 3278 distare
560 3178 728 3270 noscantur.
773 3169 985 3262 Praesentibus
1003 3191 1102 3265 usqne
1122 3168 1168 3240 ad
1188 3168 1364 3237 decennium
1390 3165 1600 3238 tantummodo

432 3285 590 3355 valituris.
625 3280 785 3345 Auenione
796 3273 837 3340 II.
857 3271 934 3349 Kal.
951 3269 1141 3362 Nouembris
1156 3291 1237 3338 antra
1249 3267 1327 3335 IIII.

859 3411 915 3494 N.
971 3403 1200 3490 LXXXIII.

489 3528 553 3614 Ex
578 3543 925 3610 cunamen
950 3517 985 3603 I.
1007 3517 1090 3602 VII.
1112 3539 1151 3626 p.
1167 3520 1244 3599 216.

532 3665 720 3764 Magnifica
742 3659 911 3761 PrincipI‚
935 3660 1131 3772 Imperatori
1164 3659 1412 3754 Imperatorum
1437 3650 1596 3728 omnium

581 3770 800 3841 Teucrorum
819 3761 959 3856 gratiam
978 3781 1015 3832 cn
1043 3754 1344 3858 praesenthquae
1367 3747 1530 3850 perducet
1550 3747 1596 3826 ad

567 3864 726 3980 =glutiam
757 3861 794 3934 in
823 3857 948 3936 tuturo.

437 3969 643 4145 Quamuis
658 3979 803 4081 cornmiffie
836 3979 921 4050 nobis
935 3977 1057 4074 desuper
1080 3977 1214 4166 vpiccetst
1238 3999 1309 4046 curo
1327 3980 1427 4066 gregis
1441 3977 1597 4080 Qaminici

1061 4078 1099 4166 (z
1141 4097 1155 4167 3
1540 4096 1595 4142 aas
