4859 5200
1021 649 1031 665 “
1157 630 1215 702 ὓ

462 781 494 830 et
510 757 552 830 ele
568 780 675 831 amato
694 757 880 850 talicesuae
896 622 1014 828 :nib
1026 624 1209 855 lbbtpbralis
1224 710 1369 829 baurbrct
1385 757 1575 827 bonevitae
1592 740 1668 821 dal·

462 858 604 931 ordinem
618 858 837 956 sempiternae.
889 862 952 930 Pro
969 858 1101 931 hnmani
1116 856 1186 954 ergo
1204 858 1415 954 redemptione
1426 861 1551 949 generis
1554 850 1592 944 se
1609 853 1667 920 or·

452 959 549 1056 fliam
566 961 733 1046 exhibens,
774 957 855 1028 ilud
857 957 938 1051 suae
944 957 1067 1057 salutis
1083 959 1163 1056 boslt
1174 958 1348 1057 proslrato,
1375 955 1415 1027 de
1430 953 1587 1051 opprobrio
1595 949 1668 1044 set·

459 1069 581 1131 uitatis
598 1066 717 1156 eripuit
733 1058 778 1128 ad
786 1060 923 1153 gloriam
940 1060 1101 1131 libertatis
1118 1060 1271 1157 ccelesiis,
1284 1058 1347 1155 fibi
1354 1065 1481 1154 patriae
1497 1050 1665 1148 assumse-

443 1152 610 1252 ·serando':
636 1181 668 1229 et
686 1158 821 1247 deinde,
837 1161 912 1229 litet
923 1157 1044 1256 pasus,
1062 1158 1215 1232 mortuiis
1231 1183 1264 1257 et
1270 1159 1418 1257 sepultus
1431 1174 1472 1227 vt
1486 1156 1593 1229 bomo;
1611 1148 1666 1221 die
1692 1254 1695 1259 Ι
1800 1214 1806 1227 .

458 1269 556 1331 tertia
577 1282 722 1343 tamena
738 1268 874 1331 mortuis
890 1259 1006 1334 diuina
1024 1269 1149 1332 virtute
1167 1259 1345 1356 resurgens,
1386 1284 1424 1329 aa
1438 1254 1564 1352 teslibus
1573 1270 1665 1348 prae·

457 1360 612 1431 ordinatis
633 1386 653 1453 a
673 1362 843 1453 Deosuarn
860 1385 970 1431 veram
986 1359 1244 1454 resurret'lionem
1261 1419 1272 1451 ,
1299 1383 1358 1457 per
1375 1382 1469 1458 quam
1486 1376 1518 1426 et
1531 1351 1665 1450 uoflram
1688 1400 1696 1421 ,

449 1458 592 1554 firmiter
599 1460 762 1557 speramus
779 1483 811 1531 et
827 1463 1004 1553 credimus,
1026 1461 1250 1554 manifestans,
1273 1450 1661 1558 ipsssarlpraedicandusu

454 1561 668 1656 Euangelium
687 1571 773 1633 omni
789 1584 971 1652 creaturae,
1008 1588 1044 1633 at
1061 1560 1293 1659 baptizandum
1310 1585 1415 1633 amnes
1429 1564 1539 1653 gent'ts.
1556 1562 1591 1648 in
1606 1576 1662 1624 no·
1687 1559 1696 1571 ”

455 1670 541 1731 mirre
559 1665 696 1746 Patris,
738 1684 770 1733 et
787 1666 879 1752 Filii,
919 1685 951 1732 rt
968 1666 1112 1758 Spiritus
1117 1661 1228 1755 seruili
1244 1671 1279 1733 in
1293 1657 1476 1754 uniuersum
1493 1651 1659 1744 mundum,

452 1781 616 1858 tamquam
625 1762 748 1855 solutis
771 1765 904 1834 humani
914 1770 1040 1857 generis
1061 1766 1189 1857 angelos
1214 1761 1395 1859 destinauit.
1472 1759 1521 1831 Et
1533 1755 1660 1827 domuin
1721 1794 1725 1807 ·
1756 1762 1759 1767 ’

452 1864 569 1933 eisdem
588 1862 791 1951 videntibus,
825 1886 866 1934 vt
885 1863 982 1934 iidem
998 1862 1198 1958 ascensionis,
1236 1872 1292 1962 qui
1309 1884 1341 1935 et
1355 1856 1592 1955 resurreblionis
1609 1873 1658 1925 te·

444 1961 509 2057 fles
523 1963 711 2058 exislerent,
735 1972 771 2033 in
788 1967 907 2036 caelum
926 1967 1070 2035 eleuatus
1082 1963 1270 2054 ascendens,
1296 1971 1454 2036 vicarium
1466 1959 1523 2047 sbi
1532 1957 1657 2025 beatum

450 2084 473 2131 Ρ
484 2087 505 2133 st
516 2088 646 2135 revoc
673 2067 806 2159 reliquit
821 2074 857 2135 in
873 2073 988 2155 terris,
1015 2074 1067 2134 cui
1084 2072 1262 2137 animarum
1280 2087 1408 2145 suram,
1432 2079 1473 2128 vt
1489 2051 1655 2144 earumsa·

449 2159 514 2229 luti
524 2160 731 2255 prospiceret,
756 2169 873 2231 amoris
889 2171 957 2230 tius
975 2162 1147 2254 conflantia
1163 2176 1269 2232 trinae
1279 2159 1474 2258 prosefflonis
1489 2176 1655 2249 argumen·

449 2278 484 2328 to
495 2259 649 2353 probata,
672 2259 838 2351 commiss,
867 2258 999 2328 tradens
1006 2259 1070 2351 sbi
1086 2261 1287 2353 clautsregni
1303 2262 1484 2345 caelorum,
1506 2275 1655 2351 perquat

449 2357 529 2455 ipse,
548 2357 661 2457 suique
676 2355 744 2454 post
763 2384 832 2429 eum
841 2357 1021 2450 successores
1038 2357 1219 2455 pateslotem
1235 2356 1398 2456 aperiendi
1422 2357 1585 2447 omnibus,
1618 2374 1650 2423 et

447 2458 618 2531 claudendi
635 2458 775 2532 eiusdem
792 2466 879 2553 regni
898 2468 1026 2530 ianuam
1043 2459 1242 2537 obtinerent;
1273 2485 1310 2531 aa
1326 2468 1363 2531 in
1383 2466 1428 2530 eis
1444 2466 1480 2528 in
1495 2453 1651 2552 dispenso·

404 2591 411 2606 ·
445 2568 533 2632 tione
548 2560 683 2659 earlqits
692 2569 819 2655 gratiae
825 2560 969 2655 summae
979 2559 1142 2662 poteslatis
1157 2559 1333 2634 aub‘ltritos
1347 2559 1503 2655 resino.
1561 2558 1652 2628 Haec

448 2687 518 2759 ergo
545 2664 617 2760 ipfis
639 2670 785 2735 imminet
810 2687 858 2735 etc·
873 2661 1061 2759 aposlolatus
1085 2660 1180 2758 officio
1199 2688 1275 2735 cura
1287 2670 1455 2760 praecipua
1471 2716 1487 2758 ,.
1506 2656 1650 2753 srslutem

443 2764 807 2862 quaererest'ngulorum.
865 2768 960 2835 Hanc
974 2766 1112 2860 exearplo
1131 2766 1312 2836 Saluatoris
1319 2762 1491 2862 pendentis
1508 2768 1543 2832 in
1560 2755 1651 2832 duta

434 2864 511 2958 stit
537 2888 732 2941 curasses
760 2872 934 2937 vicarius:
962 2868 1042 2937 banc
1053 2860 1201 2961 piscando
1213 2875 1375 2966 perquirit
1388 2864 1556 2963 piscatoris
1574 2883 1649 2938 n·

442 2989 521 3040 m
538 2963 696 3060 successor.
740 2971 828 3036 Haec
845 2974 1008 3035 ciuitatem
1026 2970 1088 3036 Dei
1106 2968 1234 3037 obtenta
1248 2971 1301 3061 (3)
1317 2967 1491 3061 laetificat:
1516 2966 1648 3034 batert·

443 3074 507 3138 iam
524 3073 561 3136 in
575 3066 706 3136 umbrae
723 3073 836 3133 mortis
853 3071 975 3155 regione
989 3063 1173 3156 degentibus
1184 3085 1244 3160 per
1269 3075 1345 3136 uias
1361 3062 1584 3160 gradientibus
1599 3083 1649 3133 te·

441 3166 639 3257 uebrarusn,
673 3163 836 3257 aliquibus
857 3161 983 3256 sperata
1001 3160 1199 3259 praesagiis,
1232 3186 1367 3237 mentem
1380 3163 1501 3258 summi
1512 3161 1647 3261 pafloor‘t

440 3265 628 3354 exhilarat,
654 3259 785 3352 officium
801 3269 921 3330 excitat
938 3287 1014 3334 cura
1024 3283 1207 3358 promouere
1215 3265 1366 3355 solicita,
1400 3288 1558 3358 quaemus
1575 3286 1645 3333 am·

440 3361 589 3433 bulantes
604 3369 640 3431 in
656 3356 794 3428 tenebris
809 3357 945 3430 videant
959 3362 1059 3432 lucem
1077 3383 1232 3454 magnam.
1283 3362 1382 3430 Porro
1396 3361 1436 3429 ab
1457 3363 1533 3448 olim
1549 3367 1586 3430 iso
1609 3383 1645 3434 eo

429 3465 702 3535 ‘Romanamater
718 3461 880 3532 exultauit
896 3461 1037 3560 ecclesa,
1067 3480 1100 3530 rt
1116 3457 1231 3553 felitis
1254 3457 1484 3532 retardationis
1508 3482 1646 3534 touta·

439 3587 470 3639 Ν
480 3585 526 3638 ιε
556 3565 641 3658 Papa
651 3558 858 3658 praedeces'or
871 3561 971 3658 nasler
985 3563 1131 3633 laetitiae
1145 3568 1337 3634 incrementa
1349 3560 1486 3659 suscepit
1503 3617 1517 3656 ,
1555 3557 1645 3661 quod

437 3663 478 3739 tle
495 3683 597 3761 tepet
611 3688 664 3740 nu
676 3686 696 3734 o
706 3685 733 3740 G
744 3683 799 3738 v'n
810 3662 870 3759 (4)
905 3668 1020 3759 Regem
1036 3666 1239 3735 orientalium
1255 3665 1466 3735 Tartessium
1483 3662 1642 3764 ilusresae,

437 3784 706 3862 nepotemeuam,
727 3763 796 3855 suis
811 3771 925 3836 extitit
940 3765 1071 3836 auribus
1089 3772 1296 3842 intimatumt
1318 3763 1471 3837 videlieet
1484 3763 1643 3866 quoldu-

435 3863 514 3938 lan
531 3886 563 3936 te
574 3876 682 3960 gratio
697 3865 811 3938 diuina
825 3887 1032 3961 praeueniens
1048 3887 1182 3937 mentem
1192 3864 1351 3961 menstra
1359 3864 1551 3961 misericordi
1566 3876 1640 3941 vir·

385 4060 394 4077 ,
435 3986 507 4038 tute
523 3975 689 4040 commouit
704 4020 717 4063 ,
749 3988 791 4039 ut
798 3964 935 4061 semitas
949 3974 1067 4042 erroris
1081 3967 1252 4068 abortiens,
1284 3979 1360 4042 uias
1370 3969 1533 4045 incederes
1547 3977 1639 4041 veri.

630 4089 634 4100 ·
1085 4068 1182 4159 (103
1299 4145 1302 4150 ,
1545 4077 1639 4168 tatis,

434 4169 1642 4324 M
