4859 5200
707 791 939 883 Interpretatie.
1032 844 1041 860 ,
1116 792 1122 881 Ι
1332 780 1754 906 ΡιναρὴῂξᾸΞ--ῤ

562 937 611 1010 rit
632 938 794 1025 eaelum,
830 933 1095 1012 communitate·
1169 935 1337 1037 ¹egendo,
1364 933 1497 1035 quibus
1508 951 1580 1011 toto
1591 935 1698 1011 corde
1710 935 1766 1011 in·

562 1035 609 1111 do
628 1034 790 1137 seipsum
802 1036 920 1135 prodit
939 1036 978 1112 in
995 1061 1098 1113 mun·
1131 961 1317 1126 iirutebn,
1336 1034 1382 1112 de
1393 1036 1498 1112 rebor
1517 1034 1763 1111 omnibusne·

562 1133 672 1225 dum,
690 1135 837 1213 salutem
867 1137 1020 1212 instituit
1049 1137 1102 1212 in·
1132 1134 1280 1213 ceffaeiie
1307 1135 1522 1237 procidebat
1547 1137 1658 1237 sparto
1687 1134 1764 1210 die·

563 1232 719 1327 finitam,
762 1260 803 1308 ne
833 1234 882 1307 sot
907 1238 1104 1332 resplendens
1132 1264 1211 1312 rum
1239 1237 1529 1340 quinquaginta,
1564 1237 1687 1313 adhuc
1715 1233 1766 1309 fa·

562 1336 744 1414 adscendit
754 1332 941 1429 ‚tenebras
971 1334 1102 1410 exstiti·
1132 1338 1278 1411 melicos
1302 1336 1497 1425 saturabat,
1532 1337 1652 1409 nudos
1683 1360 1767 1420 coo·

563 1436 631 1526 xit,
650 1451 760 1513 totam
787 1431 982 1510 verificauit
1009 1436 1095 1509 veri·
1133 1433 1300 1534 periebat,
1319 1434 1478 1510 infirmos
1495 1430 1652 1524 curabat,
1671 1459 1763 1508 mor·

562 1536 641 1612 tatis
658 1535 894 1611 excellentem
913 1533 1102 1636 profundi·
1133 1554 1212 1610 tuos
1234 1533 1436 1633 sepeliebat.

563 1649 699 1723 tatem,
734 1630 966 1714 serenitltmus
995 1665 1018 1711 v
1036 1665 1056 1713 e
1073 1662 1102 1712 rr
1182 1638 1264 1711 XV.
1289 1637 1473 1731 Tempore
1491 1659 1543 1710 ra
1562 1656 1600 1706 so
1611 1657 1697 1710 cum
1723 1659 1765 1706 o·

562 1734 758 1829 Imperator
804 1735 893 1832 legis
937 1736 1104 1813 diadema
1132 1735 1210 1812 moi
1228 1734 1441 1834 parlimonra
1460 1732 1522 1808 sua
1539 1732 1658 1807 similis
1686 1756 1761 1805 non

386 1862 389 1869 ·
436 1827 511 1895 Col·
540 1831 642 1915 ,tulit
659 1848 742 1904 ante
758 1834 840 1902 alios
868 1836 980 1932 Reges
1013 1835 1104 1910 Vsus
1133 1839 1185 1911 est
1208 1834 1330 1910 audita
1356 1832 1494 1908 bouitas
1524 1837 1677 1928 (erar'hr'c
1703 1858 1762 1905 τΛ

430 1913 527 1991 XXV·
561 1908 656 2005 beni
672 1943 845 2029 tempore,
860 1926 1101 2009 'aboleuittor-
1133 1960 1181 2010 eo
1199 1937 1334 2008 Boetius
1347 1933 1437 2027 setta
1456 1932 1620 2028 Pagednst
1643 1930 1708 2029 qui
1725 1933 1764 2003 in

431 2056 435 2077 ¹
558 2024 772 2117 ·bas,caelos
797 2030 980 2126 dilatauit,
999 2050 1105 2113 tetras
1133 2034 1291 2111 maxima
1320 2031 1478 2132 quadam
1515 2028 1765 2130 congregatio·

564 2128 750 2225 extendit,
778 2130 981 2211 clarrss‘rmae
1024 2134 1104 2209 illu·
1135 2160 1182 2211 ne
1209 2132 1447 2215 Ronziorum.
1482 2130 1521 2204 in
1584 2130 1764 2228 ua‘agen·

563 2228 743 2308 briffimae
784 2229 971 2312 doetrinae
1015 2236 1104 2335 legis
1134 2234 1224 2313 dum
1243 2252 1316 2308 crat
1333 2233 1379 2306 de
1404 2226 1510 2329 rebus
1529 2155 1645 2305 scqbtae
1670 2229 1767 2318 suae,

565 2329 682 2411 verbis
700 2329 843 2409 reduxit
867 2335 1030 2410 nostrum
1055 2335 1107 2408 Si·
1135 2333 1252 2408 officio
1268 2327 1492 2430 fungebatur
1507 2325 1688 2423 hospitum
1704 2354 1766 2403 ex·
1865 2339 1868 2343 '

565 2454 695 2508 narum
742 2432 936 2532 imperium
971 2461 1106 2519 rnre,
1128 2434 1386 2530 ciprendorum
1406 2447 1441 2504 et
1459 2428 1767 2525 procurandarum
1902 2516 1905 2521 4

566 2532 725 2610 traduxit
750 2531 956 2634 scripturas,
993 2552 1104 2609 ercxrt
1135 2555 1255 2607 rerum
1275 2530 1473 2628 unicuique
1496 2525 1767 2604 necessariarum

565 2632 738 2720 ecclefiat,
751 2633 847 2710 viuis
866 2631 1015 2707 mortuis
1036 2630 1106 2707 fuit
1137 2637 1224 2725 (ideo
1242 2630 1352 2700 nullon
1368 2630 1536 2701 tranando
1560 2631 1601 2700 de
1625 2632 1768 2726 operibus

567 2729 677 2808 instar
701 2732 806 2809 nauis
833 2751 981 2811 centurn
997 2730 1104 2806 felici·
1137 2737 1305 2802 chartretes
1330 2755 1386 2823 oy
1404 2755 1473 2815 sie
1493 2735 1576 2802 hnen
1591 2758 1687 2806 reru
1718 2753 1768 2804 so
1875 2777 1883 2790 ·

568 2844 684 2906 tatum
711 2831 844 2930 gradm
880 2832 963 2907 fecit
979 2831 1104 2905 decem
1138 2832 1331 2926 anteponit.)
1375 2828 1444 2905 Sed
1468 2846 1628 2925 tempore
1655 2831 1767 2906 huius

567 2929 723 3004 millium
741 2952 938 3029 regnorum
960 2953 1109 3028 pacem,
1139 2929 1320 3029 euangelii
1343 2926 1648 3006 fimileshomines
1668 2930 1768 3007 vide·

570 3029 671 3107 cao'
694 3050 790 3131 qvir
816 3029 973 3120 imitatus
1000 3029 1108 3103 maio·
1140 3046 1221 3103 mus
1240 3026 1370 3106 faustis
1395 3026 1564 3127 operibus
1590 3044 1770 3108 vacanter.-

494 3175 496 3182 ·
534 3199 536 3203 .
568 3150 635 3218 tes,
652 3128 758 3204 etiem
779 3129 949 3206 aedificiis
964 3128 1111 3227 perfecit
1143 3130 1296 3220 idcirco,
1316 3148 1353 3204 vt
1371 3131 1407 3204 in
1430 3136 1548 3205 lucem
1574 3129 1665 3208 irent
1683 3155 1768 3230 ope·

400 3226 406 3235 '
567 3226 774 3320 nitendum,
794 3231 1027 3329 pacispalaria
1042 3228 1104 3304 hu·
1143 3256 1177 3304 ra
1190 3249 1262 3305 ram
1274 3229 1435 3320 heroica,
1465 3230 1579 3329 lapidi
1597 3231 1767 3311 huicma·

460 3366 462 3370 ·
567 3327 995 3429 mililuceimpleuerunt
1013 3332 1112 3406 Sina·
1144 3355 1218 3431 gno
1236 3357 1276 3405 ea
1297 3331 1496 3443 insculpere
1514 3332 1625 3407 nolui.

567 3447 908 3513 rum·terras,ver.·tm
921 3436 1038 3529 legem
1053 3456 1116 3506 err·
1160 3463 1163 3468 ·
1194 3433 1393 3509 XVtDrco
1412 3452 1553 3530 itaque,
1577 3458 1693 3509 oevs
1709 3454 1771 3507 ve·

583 3531 685 3609 endit
700 3529 884 3609 clarissime
907 3533 1057 3605 contulit
1074 3529 1113 3604 ti·
1145 3555 1205 3605 rus
1249 3555 1374 3629 expers
1426 3530 1611 3629 principii,
1638 3556 1773 3628 putot,

568 3635 662 3707 tulos
676 3632 765 3730 legis
792 3628 968 3724 domino,
988 3647 1111 3705 morta·
1172 3628 1289 3702 uictus
1315 3648 1349 3703 et
1367 3627 1600 3704 immutabile
1626 3635 1697 3720 est,
1714 3632 1774 3709 ille

561 3731 618 3842 ties
638 3727 817 3805 habebam
839 3711 1028 3820 laitrtiam,
1056 3752 1116 3825 pa·
1145 3654 1214 3799 init
1251 3726 1388 3824 primus
1419 3729 1604 3804 creationis
1636 3732 1775 3825 artilex,

323 3886 326 3891 -
448 3863 519 3935 001.
561 3852 670 3918 cem,
697 3851 752 3902 res
775 3827 941 3904 carebant
966 3825 1114 3904 infortu-
1145 3833 1775 3925 aperurrrerrameleuauitcaelum3

442 3949 552 4026 xxvi,
571 3929 640 4005 niis
657 3926 989 4028 calamitatibusque
1015 3952 1117 4003 vvere
1133 3927 1232 4080 {vna
1259 3952 1302 4004 err
1332 3929 1488 4029 personis
1528 3955 1592 4029 pro
1630 3954 1776 4009 aeterna

488 4093 494 4106 .,
564 4053 669 4133 cvm
696 4056 741 4105 ur
776 4029 973 4138 imperator
1016 4026 1119 4144 sciuit
1147 4029 1351 4106 mortalium
1368 4030 1480 4106 salute
1504 4025 1623 4110 faetus
1642 4037 1694 4113 est
1711 4035 1772 4108 ho-

461 4113 574 4256 Ἰ
836 4217 838 4224 ,
1711 4159 1773 4212 mo
