4859 5200
1060 528 1442 651 m)175(nv

626 735 672 810 cd
684 758 811 808 eramen
825 730 1046 828 ecclrfiassicum
1052 730 1282 830 spellantc'bur,
1307 731 1353 804 ad
1369 733 1460 828 ipsius
1469 733 1565 832 patebl
1585 737 1704 806 recurri
1713 726 1800 803 iudi·

625 844 726 922 cium,
751 858 781 906 et
794 833 892 905 eidem
906 859 1008 904 amnes
1024 835 1169 928 Ecclefiae
1178 831 1437 928 sttntsubiellae,
1461 836 1652 930 ipfiarumque
1665 835 1800 928 praelati

625 958 655 1005 et
667 935 869 1005 obedientiam
883 955 911 1001 et
925 926 1128 1003 reuerentiam
1133 935 1197 1026 fibi
1225 931 1352 1005 debent:
1377 933 1462 1027 apud
1484 959 1577 1030 qnam
1590 934 1630 1019 fic
1641 931 1797 1024 potestatis

619 1034 781 1130 plenitudo
796 1030 941 1123 canfistit‚
965 1031 1051 1129 quad
1071 1033 1203 1126 ecclestas
1231 1031 1420 1102 caeterasad
1448 1030 1653 1118 solicitudinis
1675 1051 1796 1122 partem

625 1134 785 1220 admittit,
810 1154 944 1227 quarunt
972 1133 1105 1218 multas,
1142 1153 1172 1201 tt
1191 1134 1416 1228 patriarchales
1434 1137 1619 1228 praecipue,
1643 1216 1648 1221 -
1670 1126 1795 1218 diuersis

618 1234 791 1329 priuilegiis
805 1228 911 1301 eadem
923 1231 1065 1303 Romana
1078 1232 1207 1324 Ecclefia
1231 1233 1414 1302 benarauit:
1434 1229 1499 1322 sua
1520 1252 1624 1300 tamen
1632 1246 1799 1329 praeroga·

622 1338 692 1402 tiua
708 1352 773 1401 tam
788 1336 822 1400 in
833 1331 1030 1422 generalibus
1043 1332 1194 1418 conciliis,
1223 1356 1316 1427 quam
1331 1339 1367 1404 in
1380 1331 1618 1429 quibuscumque
1640 1329 1710 1397 aliis
1713 1324 1800 1416 sem·

616 1431 783 1528 persalua.
834 1431 932 1499 Parra
959 1453 1026 1499 cum
1040 1428 1255 1526 praescriptam
1280 1431 1465 1527 purifflmam
1490 1424 1731 1522 erfideliffimam
1748 1448 1797 1492 ar·

620 1526 859 1619 thadaxaefidei
879 1537 1060 1606 veritatem,
1087 1531 1276 1624 euangelicae
1300 1528 1624 1615 dablrinaecansanam
1650 1522 1799 1611 asartllis

615 1630 758 1723 patribus
781 1627 949 1715 traditam,
972 1649 1002 1698 ct
1015 1631 1222 1698 Romanarum
1241 1630 1422 1721 Pontifictan
1451 1627 1559 1720 insuis
1576 1624 1703 1722 synodis
1716 1620 1798 1715 diffi-

619 1735 737 1799 nitiane
749 1726 927 1816 firmatam,
950 1734 986 1797 in
1003 1727 1093 1803 vobis
1116 1725 1292 1819 confirmari
1317 1750 1347 1797 et
1370 1735 1495 1820 augeri,
1521 1725 1674 1823 fidemque
1702 1727 1796 1820 iplam

618 1827 733 1924 abique
748 1827 908 1920 ampliari,
931 1827 1030 1897 atad
1045 1827 1168 1898 laudem
1184 1826 1288 1897 diuini
1303 1836 1439 1907 numims
1446 1831 1577 1924 populns
1586 1828 1652 1896 Dea
1655 1821 1797 1916 seruiens

617 1946 649 1993 et
662 1935 696 1995 in
711 1950 836 1996 emmena
852 1946 883 1994 et
897 1934 1005 1995 merita
1017 1925 1127 2024 nastris
1141 1948 1287 2019 augeatur
1312 1927 1513 2023 temporibus,
1536 1949 1566 1998 et
1593 1936 1714 1995 animae
1728 1923 1799 1993 dia·

617 2023 713 2094 balica
718 2024 839 2113 fraude
854 2024 1012 2120 deceptae,
1035 2033 1141 2117 agnita
1166 2049 1197 2096 et
1211 2028 1341 2122 lussepta
1360 2028 1537 2097 huiusmodi
1555 2022 1638 2115 fidei
1651 2028 1797 2107 acritate,

618 2120 657 2191 de
685 2122 826 2200 faucibus
852 2133 1025 2215 eripiantur
1049 2123 1250 2208 daemonum,
1268 2129 1400 2214 fitmmis
1424 2124 1580 2215 desideriis
1603 2118 1799 2218 affcliemust

617 2242 713 2289 certas
726 2220 914 2308 rrusrtiasseu
929 2223 1041 2314 legatas
1065 2222 1197 2315 napitas,
1222 2230 1277 2317 qai
1290 2245 1392 2291 staret
1413 2226 1491 2293 aliar
1518 2222 1709 2316 Christicolas
1719 2240 1796 2315 par·

615 2326 695 2389 tium
710 2319 831 2388 illarum
856 2317 1065 2409 consolentur,
1088 2326 1169 2389 etin
1189 2318 1254 2406 fide
1267 2319 1329 2415 ipflt
1344 2320 1514 2417 instruant,
1539 2319 1737 2416 consalident,
1764 2339 1796 2389 et

616 2417 811 2510 confirment,
834 2437 866 2486 et
885 2415 932 2488 ad
947 2443 1013 2490 eam
1030 2441 1165 2490 errantes
1178 2422 1355 2505 attrahant,
1381 2421 1426 2491 ad
1435 2442 1537 2517 partes
1557 2422 1677 2494 easdem
1686 2439 1798 2517 prapa-

614 2526 741 2606 nimns,
777 2516 888 2587 diuina
902 2515 1096 2620 suffragante
1127 2524 1264 2620 gratia,
1295 2519 1457 2617 latinam.
1514 2526 1589 2602 Dat.
1620 2524 1721 2593 Aain.
1746 2512 1804 2622 idi

614 2622 700 2691 lunii
724 2642 805 2691 anna
827 2621 926 2690 [ΙΙΙ.

1030 2841 1085 2926 Ν.
1142 2840 1390 2936 Lxxvtnt.

667 2976 733 3058 Ex
764 2993 1135 3094 mantuanae>
1170 2982 1317 3066 aust.
1331 3001 1375 3086 p.
1395 2998 1468 3062 212.

735 3113 930 3215 Magnifica
956 3112 1103 3214 Principi
1135 3139 1301 3193 cnunsr
1335 3115 1536 3220 Imperatori
1564 3117 1811 3194 tartaronum-

826 3213 872 3288 de
900 3212 1018 3287 medio
1045 3213 1196 3386 Imperio
1248 3215 1367 3293 retiam
1396 3215 1659 3333 inpraesenti,
1696 3240 1789 3318 quae

824 3312 988 3409 perducat
1002 3310 1045 3388 ad
1062 3328 1210 3413 ganam
1240 3330 1356 3401 utura.

606 3499 740 3673 Laeti
754 3537 889 3586 r‘nmarer
906 3520 973 3590 Dea
993 3523 1138 3612 errabis,
1165 3533 1222 3624 qri
1237 3529 1335 3601 lecum
1349 3536 1434 3618 eisrr,
1462 3526 1538 3603 licet
1549 3539 1714 3610 immeriti.
1740 3557 1785 3608 te·

701 3639 810 3686 nemus
838 3624 872 3690 in
890 3627 997 3708 terris,
1023 3626 1154 3696 multum
1174 3630 1362 3724 placabiles,
1388 3651 1419 3703 et
1445 3642 1556 3730 accepti
1581 3635 1625 3705 cd
1653 3638 1784 3733 nasiram

606 3723 750 3786 notitiam
771 3719 1004 3813 perduxerunt,
1028 3725 1176 3822 quadtu,
1202 3738 1258 3826 qni
1287 3756 1416 3825 magnac
1430 3735 1576 3829 Princeps
1596 3733 1718 3830 exiliare
1733 3739 1783 3809 di·

602 3816 769 3908 gnasccris,
796 3845 835 3888 ex
843 3819 935 3909 salita
951 3824 1151 3917 benignitate,
1176 3856 1269 3925 qnam
1286 3834 1344 3901 tibi
1358 3833 1446 3904 dedit
1474 3834 1660 3931 Altiffimns,
1687 3865 1706 3908 a
1721 3864 1780 3936 qna

607 3914 717 3983 ascrih
731 3919 808 4024 bana
838 3922 1023 4017 precedunt,
1050 3952 1119 4020 erga
1136 3931 1325 4025 Christianos
1341 3942 1381 4003 in
1396 3958 1449 4006 tua
1477 3935 1618 4028 degentes
1642 3943 1783 4034 Imperia,

606 4038 636 4082 er
663 4014 707 4085 ad
734 4019 812 4088 ilud
827 4030 919 4096 etiam
944 4032 1118 4115 vesanius,
1136 4025 1360 4123 fauorabiliter
1384 4056 1414 4105 et
1445 4035 1570 4132 beut'gae
1587 4037 1784 4135 pertrailafir'

1676 4141 1781 4212 balle·
