4859 5200
960 616 962 618 ’
1046 619 1366 717 Ἢη9ωι

605 755 718 841 batur,
748 759 783 822 in
794 745 915 843 sellom
935 748 1051 838 aliam,
1081 750 1199 820 cultum
1219 758 1315 819 etiarn
1339 756 1463 821 omnino
1481 747 1655 846 diuersum,
1681 760 1811 858 Deoque

606 854 751 927 odibilem
779 851 1019 946 peruenerunt)
1057 847 1195 946 dumque
1221 850 1369 920 adhunc
1396 856 1548 921 iniuriam
1569 857 1813 949 propulsandam

598 949 856 1050 praedecefforurn
872 947 1043 1044 nostrorum
1064 952 1154 1020 Rom.
1165 948 1353 1042 Pontificum
1371 951 1569 1019 inhaerentes
1585 952 1723 1047 vestigiis
1744 982 1813 1029 cum

606 1061 690 1124 omni
708 1052 880 1142 vigilantia
897 1055 971 1117 viar
988 1056 1171 1145 exquirere,
1201 1058 1234 1118 'et
1256 1049 1425 1145 exquifitas
1451 1056 1536 1144 operi
1565 1054 1719 1145 applicare
1744 1076 1814 1152 ope·

606 1151 674 1244 rosa
682 1146 888 1243 solicitudine
898 1145 1117 1243 studeremus
1146 1175 1171 1221 τ
1184 1172 1208 1219 Η
1220 1170 1241 1218 o
1253 1172 1357 1222 ΜΑΜ
1393 1169 1564 1221 conver
1585 1157 1734 1221 nuntium
1758 1148 1814 1225 tre·

604 1275 659 1322 um
675 1271 706 1318 et
722 1251 854 1334 literas,
872 1272 952 1342 quas
969 1244 1030 1340 ipse
1046 1247 1136 1316 nobis
1152 1273 1192 1317 en
1203 1268 1298 1344 parte
1318 1268 1376 1319 tuo
1390 1254 1552 1343 portauit,
1579 1248 1723 1340 confitero
1734 1250 1811 1344 sedi

609 1348 800 1445 Apostolicne
815 1347 1006 1440 benignitate
1022 1353 1210 1442 recepimus;
1235 1367 1266 1416 et
1284 1366 1351 1418 tam
1367 1373 1414 1436 ea,
1430 1370 1510 1445 quae
1526 1346 1607 1444 ipsae
1620 1350 1733 1421 literae
1743 1374 1815 1422 con·

602 1449 771 1537 tinebant,
794 1470 888 1545 quam
916 1470 972 1534 ea,
1001 1469 1082 1542 quae
1109 1442 1216 1516 dillur
1240 1445 1375 1517 nuntius
1405 1452 1508 1517 corone
1529 1447 1620 1516 nobis
1634 1447 1756 1539 dicere,
1775 1472 1813 1527 aa

602 1569 772 1644 proponere
789 1566 847 1642 pro
867 1565 924 1615 ouo
943 1566 1038 1641 porte
1063 1544 1211 1635 fimiliter
1245 1546 1374 1637 voluit,
1418 1543 1603 1617 audiuimus
1630 1546 1810 1643 diligenter.

612 1644 757 1738 Profelio
769 1666 935 1739 gratanter
958 1669 998 1715 ex
1014 1646 1180 1715 literarum
1198 1641 1426 1739 inspellioneee
1443 1653 1552 1715 nuntii
1569 1646 1709 1719 eiusdem
1726 1651 1811 1721 rela-

607 1756 693 1816 tione
708 1753 921 1843 percepimus,
959 1742 1046 1842 quod
1060 1740 1106 1813 ad
1122 1751 1226 1812 terrae
1236 1741 1404 1838 praefatae
1410 1742 1584 1839 substdium
1601 1766 1632 1814 et
1650 1769 1812 1843 recupera·

609 1854 725 1915 tionem
747 1868 804 1913 nos
831 1841 966 1913 reddens
999 1862 1125 1913 attenta
1153 1841 1344 1936 persuofione
1360 1841 1524 1934 solicitos,
1549 1843 1685 1916 ducenta
1714 1848 1812 1919 milia

610 1967 759 2041 equorum
783 1963 816 2012 ee
835 1941 970 2013 ducenta
995 1943 1092 2013 millia
1101 1940 1278 2033 fielrnarum
1296 1941 1384 2013 bladi
1408 1951 1443 2012 iu
1471 1944 1641 2012 Armeniae
1661 1945 1811 2038 partibus

603 2043 729 2136 statim,
747 2040 832 2137 quod
839 2040 1082 2134 Chrislianornrn
1097 2048 1255 2110 exercitus
1268 2047 1330 2110 erit
1347 2041 1392 2111 ibi
1400 2067 1413 2115 ;
1436 2062 1468 2110 et
1478 2044 1640 2133 personam
1655 2061 1744 2112 tunm
1759 2051 1810 2114 iu·

602 2141 782 2235 supereum
807 2159 930 2207 centum
955 2139 1090 2206 millibus
1114 2145 1255 2232 equitum
1271 2136 1317 2204 aab
1324 2137 1475 2226 felicem,
1499 2140 1565 2206 Deo
1589 2130 1705 2224 dante,
1732 2139 1813 2236 ipsa.

610 2261 681 2311 rum
699 2227 941 2330 Christianorum
953 2231 1156 2327 progreffum,
1185 2255 1215 2301 et
1232 2232 1278 2302 ad
1290 2233 1587 2326 profugandumde
1608 2235 1697 2307 ditia
1721 2260 1810 2313 terra

611 2343 834 2410 Saracenorum
852 2330 987 2426 bostelen
999 2337 1175 2425 potentiam
1199 2351 1231 2400 te
1246 2330 1398 2405 daturum
1416 2353 1448 2401 et
1466 2335 1672 2429 expositurum
1697 2341 1809 2410 virili·

612 2461 661 2510 ter
677 2433 824 2529 obtulisti.
877 2428 1070 2537 liuiusmodi
1087 2428 1213 2527 quidem
1233 2432 1388 2501 oblatione
1406 2457 1475 2503 eum
1491 2434 1695 2506 iucunditate
1704 2436 1811 2531 susce*

608 2561 686 2637 pta,
710 2524 805 2609 'aeon
827 2532 891 2604 cilo
907 2531 1041 2630 quodam
1047 2528 1266 2627 spiritualiter
1284 2528 1475 2623 confortati,
1498 2557 1562 2605 non
1585 2535 1722 2607 alterius
1737 2538 1810 2610 Ara·

607 2642 713 2735 gelum
725 2642 929 2733 putauimus,
957 2656 1051 2729 quam
1071 2632 1176 2723 ilius,
1192 2639 1250 2727 qui
1263 2651 1320 2728 per
1335 2633 1492 2726 Angelum
1500 2632 1597 2726 suum
1607 2637 1687 2707 tulit
1703 2661 1727 2709 Α
1737 2661 1758 2710 n
1768 2661 1811 2713 Α·

614 2751 704 2815 cvc'
723 2761 792 2808 eum
808 2735 872 2805 cibo
892 2731 937 2802 ad
951 2729 1192 2821 confortandum
1212 2754 1394 2810 ‚narem
1406 2756 1469 2806 au
1493 2741 1529 2804 in
1545 2735 1627 2808 lacu.
1679 2736 1811 2835 Absque

613 2839 708 2913 dulia
734 2836 871 2906 dulciter
887 2856 943 2901 noc
960 2829 1081 2923 cibasti,
1109 2828 1291 2900 dum'nobis
1314 2849 1382 2899 tam
1395 2829 1560 2925 ¹magnifici
1573 2831 1708 2927 subsidii
1719 2836 1812 2933 speon

612 2937 733 3029 dedijli.
787 2928 980 3001 Huiusmodi
997 2950 1103 2996 autem
1109 2925 1243 3016 substdii
1257 2948 1289 2994 et
1305 2948 1430 3018 optatae
1445 2940 1688 3021 recuperationis
1703 2956 1810 3008 terrae

609 3032 776 3132 praefatae
790 3033 911 3118 negotio
925 3046 993 3091 eum
1009 3019 1124 3090 eisdem
1138 3020 1300 3107 fratribus
1312 3023 1407 3113 plena
1424 3033 1656 3096 examinatione
1671 3031 1810 3124 discredo,

614 3137 687 3206 licet
702 3141 786 3201 inter
803 3145 924 3196 coetera
938 3118 1038 3213 uoslra
1055 3138 1086 3186 et
1095 3114 1244 3207 fratrum
1258 3118 1429 3211 nostrerum
1445 3117 1597 3215 defideria
1618 3127 1674 3196 lroe
1697 3130 1811 3202 habeo·

615 3253 672 3304 tur
685 3225 800 3326 affidua
815 3221 1017 3291 medicatione
1031 3222 1253 3311 praecipuum,
1280 3238 1320 3286 vt
1339 3236 1443 3299 terro,
1461 3226 1498 3287 in
1513 3222 1744 3315 quaestam,
1756 3247 1813 3323 pt·

618 3329 674 3404 des
693 3329 847 3407 Domini,
868 3315 912 3387 ad
925 3316 1045 3387 culturn
1062 3313 1259 3408 Christianae·
1268 3317 1444 3407 religionis,
1468 3314 1568 3388 donee
1585 3325 1742 3416 Domino,
1760 3349 1814 3396 ra·

620 3429 768 3522 depatum
791 3416 966 3492 videndum
983 3435 1087 3486 tamen
1103 3420 1258 3483 occurrit:
1281 3433 1314 3484 et
1331 3411 1517 3512 exallffma
1536 3415 1711 3516 dsscuffloue
1726 3444 1811 3519 pera-

613 3527 771 3626 fondum,
796 3542 961 3620 perquem
981 3513 1107 3587 modum
1123 3533 1188 3584 tem
1201 3519 1290 3610 pium
1300 3511 1510 3614 flentiumque
1525 3520 1712 3613 promum
1726 3523 1812 3616 feb..

619 3657 681 3704 cem
689 3615 1010 3723 sortiatureffellum.
1057 3614 1293 3688 Etidciroouos
1311 3633 1342 3683 et
1352 3611 1479 3705 fratres
1489 3619 1583 3686 iidem
1594 3619 1690 3715 super
1706 3631 1748 3693 iis
1755 3613 1809 3695 di·

624 3734 770 3826 ligentem
779 3724 1032 3797 deliberationem
1043 3713 1190 3788 adhibere
1199 3713 1435 3812 curabimussee
1444 3714 1649 3812 sperantesr'n
1663 3723 1814 3823 Aleiffim·

625 3823 942 3919 dexterarumseruis
950 3818 1024 3914 suis
1036 3815 1362 3908 facientevirtutem,
1377 3813 1819 3916 quododmiuillrabsebtame‘·

624 3955 696 4019 nus,
707 3949 858 4026 quantum
871 3917 1132 4010 innobisfuerit,
1148 3937 1357 4010 exequemur.-
1379 3938 1448 3983 tum
1471 3917 1814 4008 uetroncfrerondiaa-

623 4029 771 4128 ceptabile
786 4044 907 4122 tempus
927 4017 1110 4108 obuenerit,
1137 4013 1198 4086 tibi
1208 4034 1268 4206 pe(r
1277 4015 1397 4206 )literas
1403 4068 1414 4105 ,
1423 3940 1485 4107 [bu
1498 4029 1612 4092 ,mm-0
1612 4049 1629 4090 s
1637 4021 1706 4113 βέῃ
1708 4014 1829 4114 ficm.

822 4137 828 4149 ¹
1262 4134 1278 4183 ¹
1722 4145 1816 4195 cura·
