4859 5200
1270 572 1571 693 «iride

833 771 873 843 ile
910 766 1150 836 evacuare
1188 759 1316 833 Ordinis
1340 768 1481 835 Fratrum
1510 752 1693 846 Minorem,
1724 778 1798 830 tuae
1829 759 2018 831 nobilitatis

832 868 1014 941 Nuntium,
1033 860 1153 946 batrigne
1179 876 1325 929 tnmtnoe
1348 862 1590 952 confiderationis
1618 859 1757 935 obtentu,
1782 880 1876 951 quam
1912 857 2017 948 ipſsus

825 960 987 1054 probitatis
1001 960 1115 1025 intuitu
1141 960 1319 1047 recepimus,
1345 976 1374 1024 et
1389 980 1426 1035 ea
1439 980 1516 1050 qnae
1525 974 1591 1047 pro-
1608 972 1697 1046 porte
1723 972 1777 1020 tuo
1798 976 1905 1021 caram
1920 954 2017 1020 nobis

829 1053 1100 1147 exprimentium,
1126 1047 1344 1136 fauorabiliter
1355 1050 1548 1135 audiuimus,
1579 1070 1609 1118 et
1634 1046 1835 1117 intelleximus
1868 1050 2013 1136 diligen-

830 1172 888 1223 ter.
938 1150 1017 1216 Sane
1031 1148 1099 1214 lieet
1113 1145 1298 1213 deuotirmm
1317 1166 1401 1215 tuam
1426 1144 1599 1238 inspiratam
1629 1145 1686 1213 tibi
1697 1169 1718 1211 a
1735 1147 1884 1225 Domino,
1909 1168 2014 1237 quom

828 1246 919 1313 babes
934 1245 964 1309 e't
981 1237 1108 1331 narrasti
1139 1238 1285 1313 huibertus
1309 1240 1502 1331 adjianb'iam
1518 1241 1624 1331 sedem
1652 1240 1872 1333 Apostolisam,
1894 1258 1929 1307 et
1943 1242 2012 1307 Ro·

830 1361 954 1409 marram
969 1335 1147 1424 trunam,
1171 1355 1297 1407 matrem
1325 1344 1457 1405 omnium
1475 1337 1709 1428 Christianorum
1733 1333 1871 1420 fidelium
1895 1355 1930 1403 et
1943 1360 2012 1401 ma·

829 1435 971 1527 gilirom,
994 1455 1046 1501 noc
1059 1452 1119 1501 non
1141 1429 1395 1513 beniuolentiam,
1419 1451 1450 1499 et
1463 1429 1611 1519 feruores,
1634 1454 1793 1526 qnorerga
1813 1430 2013 1523 Christianos

835 1531 1023 1614 catholicos,
1051 1545 1080 1595 et
1096 1527 1251 1609 Rotnanue
1277 1527 1443 1601 obedientes
1469 1527 1634 1616 Ecclefiae,
1657 1526 1792 1617 degentes
1814 1533 1850 1599 in
1868 1531 2011 1621 Imperio

829 1633 928 1721 pinis
944 1633 1011 1711 tui,
1035 1622 1072 1692 ab
1084 1630 1228 1717 pietatem
1252 1621 1414 1710 diuinam,
1439 1648 1474 1692 ac
1505 1622 1653 1710 nomon,
1677 1620 1817 1719 etdiilae
1843 1622 1944 1692 Sedis
1958 1648 2011 1694 re·

831 1728 999 1797 wemmam
1016 1739 1047 1789 et
1073 1725 1211 1791 honorem
1222 1727 1322 1811 geris,
1350 1742 1379 1789 et
1388 1743 1491 1810 gerere
1519 1727 1656 1789 continue
1674 1740 1735 1787 non
1761 1716 1897 1811 defisiis,
1925 1727 2011 1789 iim-

832 1816 951 1889 dudum
978 1816 1122 1883 relatibus
1138 1816 1269 1907 placidis
1285 1813 1482 1910 oudsffemus,
1507 1815 1609 1885 ditius
1623 1834 1723 1885 tamen
1740 1816 1896 1883 Nuntius
1910 1816 2008 1907 teste·

828 1910 963 2004 perbis,
985 1908 1101 1995 etaliis
1124 1916 1186 1999 piis
1213 1930 1243 1977 et
1263 1908 1382 1980 deuotis
1411 1910 1564 2002 operibus,
1588 1913 1702 1979 multoe
1729 1910 2006 1981 commendationis

724 2040 729 2049 ·
832 2027 863 2075 et
878 2003 982 2087 laudis
992 2010 1159 2097 praeconis
1173 2005 1258 2097 apud
1269 2030 1323 2075 nas
1338 2005 1549 2096 magnificans,
1573 2027 1603 2075 ee
1622 2006 1778 2089 amuletis,
1803 2007 1893 2077 dete
1913 2010 2006 2078 noba's

823 2102 917 2195 super
932 2102 1039 2185 mukar
1063 2099 1151 2173 daos
1165 2107 1336 2189 virtutum,
1362 2102 1470 2197 quibus
1488 2122 1519 2171 ee
1546 2105 1672 2194 largitor
1686 2103 1834 2173 bannum
1858 2112 2004 2177 amnium
2032 2174 2042 2185 ,

833 2197 996 2281 edotortit,
1013 2203 1118 2283 extitit
1129 2198 1320 2290 placabiliter
1350 2200 1513 2271 tolosanis.
1562 2202 1640 2271 Cum
1667 2218 1766 2267 antem
1792 2198 1832 2269 de
1859 2202 1915 2269 bis
1937 2210 2001 2271 nsit

832 2293 975 2385 urteosts
987 2293 1121 2380 diibus,
1148 2301 1181 2363 in
1196 2299 1326 2365 Domino
1353 2296 1542 2376 exaltantes,
1565 2314 1651 2365 mom
1666 2293 1817 2385 fiilotrem,
1841 2300 2001 2392 tequeilla

832 2395 948 2478 operari
964 2408 991 2455 et
998 2386 1140 2479 perficere
1152 2391 1261 2484 quibua
1277 2398 1311 2460 in
1323 2393 1378 2464 boc
1409 2399 1478 2466 visa
1490 2389 1639 2485 praesenti
1664 2398 1822 2483 gratiam,
1849 2414 1882 2463 et
1895 2392 2000 2483 infir.

829 2502 901 2555 tura
914 2532 916 2537 -
929 2481 1125 2551 beatitudinis
1151 2506 1289 2556 aeternae
1312 2495 1455 2557 merearis
1473 2490 1623 2579 gloriam,
1648 2493 1822 2581 nepiomus;
1845 2490 1997 2561 nobilita·

828 2597 888 2662 tem
901 2597 985 2664 usam
998 2591 1312 2670 rogomusattenoinr,
1336 2605 1366 2654 et
1381 2591 1416 2658 in
1441 2584 1574 2655 Domino
1601 2586 1812 2673 exhortamur,
1839 2612 1992 2682 quatenus

806 2679 903 2756 'circo
916 2676 987 2744 haee
1007 2695 1036 2742 et
1061 2677 1125 2746 alia
1152 2698 1222 2750 tuae
1237 2679 1337 2770 saluti
1361 2687 1481 2752 atrimae
1507 2682 1601 2766 utilia
1623 2681 1790 2774 vigilanter
1815 2685 1991 2770 intendens,

644 2747 649 2762 ⁸
715 2841 718 2846 ,
821 2766 958 2861 praefati
982 2790 1112 2844 ttrite
1135 2775 1258 2846 Nuneii
1282 2784 1345 2864 tui,
1377 2783 1432 2872 qui
1445 2797 1474 2844 te
1478 2777 1611 2868 sincere,
1635 2797 1674 2860 vt
1693 2779 1909 2864 inteleximus,
1933 2783 1988 2850 di-

826 2863 910 2942 loga,
926 2864 1115 2940 salutaribus
1136 2879 1276 2944 monitis,
1307 2891 1337 2929 ee
1352 2858 1589 2954 persuoſsoiribus
1609 2873 1777 2948 delubribrss
1799 2873 1983 2968 madefiat,

828 2949 995 3020 deuotionis
1007 2949 1179 3018 huiusmodi
1185 2952 1331 3042 spiritum
1340 2987 1363 3038 ,·
1377 2979 1464 3048 quem
1479 2959 1566 3028 dedit
1579 2965 1635 3032 tibi
1653 2971 1805 3042 virtumm
1817 2973 1985 3060 Dominus,

824 3048 1093 3134 nomentinguensr
1119 3046 1303 3137 Christianos
1326 3072 1399 3124 vero
1419 3053 1595 3143 praediiios
1617 3072 1787 3156 opportunis
1800 3062 1986 3156 fautoribus,

825 3159 856 3207 et
878 3139 1089 3206 beneuolentiis
1110 3140 1221 3208 babeas
1246 3144 1480 3234 commendatos,
1503 3172 1542 3222 vt
1564 3157 1622 3247 ipse
1648 3160 1749 3246 Dens,
1775 3188 1796 3231 o
1819 3187 1879 3260 quo
1904 3165 1986 3240 bona

822 3227 931 3302 eundo
940 3231 1120 3348 procedunt,
1141 3243 1254 3350 quique
1283 3241 1396 3311 nulum
1427 3245 1534 3319 lanum
1551 3256 1803 3327 irremuneransm
1818 3263 1981 3360 relinquit,

822 3347 853 3395 te
868 3328 950 3396 reuda
956 3345 1080 3418 pretatis
1092 3333 1282 3416 irradiando,
1306 3359 1397 3406 verae
1406 3339 1487 3426 fidei
1499 3346 1613 3416 lumine
1627 3373 1753 3422 mertem
1780 3375 1868 3425 tuom
1886 3361 1983 3454 respi·

820 3430 896 3505 siat,
919 3443 948 3489 ee
961 3422 1068 3512 adea,
1093 3450 1169 3518 quae
1180 3428 1314 3517 filisunt
1356 3433 1463 3520 lesina,
1487 3456 1614 3534 maeque
1625 3444 1737 3534 salslti
1756 3455 1869 3540 voilia,
1898 3457 1981 3532 diri·

815 3537 872 3606 gae
884 3515 971 3586 ailus
983 3539 1060 3598 tuos,
1091 3521 1209 3611 Rursus
1222 3525 1260 3598 de
1273 3450 1355 3622 nub
1365 3553 1385 3602 a
1399 3551 1429 3600 te
1455 3534 1541 3602 trebir
1559 3550 1709 3626 eneaersio,
1734 3565 1764 3613 et
1768 3567 1828 3642 per
1854 3549 1980 3624 ditium

821 3613 980 3710 Abinciuus
1002 3613 1221 3724 praesentum,
1255 3645 1308 3688 nec
1330 3647 1390 3692 nan
1405 3626 1573 3716 sonoribus
1596 3649 1766 3715 memoretis
1790 3648 1978 3740 Christianis

816 3725 871 3795 per
894 3728 944 3788 te,
968 3727 1006 3778 ‘ot
1025 3709 1198 3800 praefertur
1225 3716 1380 3802 exhibitis,
1401 3732 1571 3812 gratiaram
1594 3731 1652 3800 tibi
1675 3733 1840 3824 referimus
1862 3747 1979 3822 uberes

815 3797 957 3874 uiliores.
1007 3806 1122 3878 Datum
1138 3811 1291 3884 duritiem
1305 3815 1438 3893 XXVI»
1455 3821 1587 3906 Kalend.
1607 3831 1787 3926 Septembris
1811 3863 1893 3908 antro
1913 3847 1976 3922 Vl.

1678 4071 1684 4080 -
1714 4023 1761 4098 N.
1772 4022 1972 4122 Lxxxx.
