4859 5200
1057 569 1400 674 ulmae·

607 703 813 798 laboraret,
832 716 961 782 mente
977 719 1108 802 captus
1126 700 1406 783 dormientibus
1420 699 1621 800 omnibus,
1642 698 1707 802 qui
1723 698 1824 783 circa

609 802 727 907 ipsum
738 824 844 900 erat,
868 801 1012 903 aulugit
1029 801 1153 882 nudus
1172 824 1211 883 et
1225 801 1344 883 tribua
1358 801 1491 884 diebus
1502 824 1567 906 per
1581 803 1667 884 loca
1681 800 1822 882 deserta

610 905 810 986 oberreuiu
852 905 986 982 Tertia
1003 925 1097 982 vero
1114 901 1229 984 nodie
1247 903 1292 983 ad
1308 906 1343 984 le
1353 903 1465 983 rediit
1477 902 1632 987 rationis
1645 924 1821 1006 compos,

607 1004 669 1087 sed
685 999 910 1099 intenebris
927 1001 1018 1103 quid
1034 999 1189 1101 faceret,
1204 1028 1271 1084 aut
1289 1027 1370 1105 quo
1385 1003 1422 1084 se
1438 1002 1598 1084 verteret
1612 1001 1818 1086 haesitabat.

607 1106 755 1187 Verum
769 1105 882 1203 ‚enim
914 1125 1010 1184 vero
1033 1104 1207 1186 diseusde
1230 1105 1352 1186 statim
1375 1106 1459 1187 stant
1486 1103 1681 1201 tenebrae,
1712 1127 1750 1184 et
1776 1105 1818 1186 in

607 1206 755 1286 montis
770 1204 965 1286 cacumine
980 1203 1220 1288 clariffimum
1238 1205 1367 1288 lumen
1392 1204 1595 1309 conspexit·
1654 1209 1817 1307 Reptans

608 1327 702 1408 ergo
719 1306 891 1387 manibus
906 1327 945 1386 et
964 1307 1118 1409 pedibus
1143 1306 1330 1391 adscendit
1353 1311 1394 1387 in
1415 1330 1614 1402 montem,
1643 1328 1755 1406 atque
1776 1305 1817 1384 in

608 1405 708 1486 illius
723 1402 868 1509 fastigio
883 1407 1166 1491 multitudinem
1185 1407 1392 1489 hominum
1408 1404 1620 1487 incredibili
1637 1407 1762 1487 vultus
1779 1429 1817 1485 e·

606 1507 764 1610 legantia
781 1532 821 1588 et
836 1507 995 1612 superbo
1023 1509 1179 1590 vellium
1203 1509 1309 1589 cultu
1334 1507 1515 1588 illustrem
1544 1506 1817 1589 animaduertit.

605 1613 648 1690 ln
664 1609 793 1690 medio
809 1632 904 1689 vero
919 1634 1030 1712 atque
1044 1611 1204 1689 editiore
1222 1608 1314 1689 loco
1329 1608 1421 1689 vidit
1439 1613 1580 1710 Regem
1605 1607 1819 1706 caelestem,

603 1706 751 1792 formae
769 1711 982 1809 praestantia
991 1708 1225 1812 vestiumque
1242 1712 1366 1791 nitore
1380 1709 1544 1812 reliquos
1552 1732 1687 1790 omnes
1703 1730 1819 1790 mon·
1848 1788 1864 1797 „,

483 1858 486 1867 ,
604 1814 654 1892 ris
681 1810 825 1892 incolas
849 1813 1102 1914 superantem,
1134 1833 1323 1914 aureoque
1347 1810 1443 1891 solio
1473 1811 1716 1897 insidentem.¹
1756 1807 1817 1889 nd

606 1913 797 1994 dexteram
818 1914 900 1994 eius
920 1913 1065 1993 sedebat
1089 1915 1249 2016 Regina,
1273 1911 1558 2015 incomparabili
1582 1908 1728 2013 fulgens
1751 1909 1817 1990 de·

609 2036 712 2091 core.
763 2017 839 2115 lpse
857 2039 983 2095 autem
999 2018 1080 2094 Rex
1097 2015 1248 2094 diuinus
1269 2018 1496 2108 Tartarum,
1531 2033 1569 2091 vt
1589 2012 1682 2092 lbera
1707 2010 1817 2090 Clari·

611 2110 817 2190 Rianorum
833 2111 1136 2210 ampledleretur,
1152 2113 1380 2193 hortabatur.
1424 2114 1505 2220 Qui
1525 2113 1659 2193 deiude
1676 2110 1721 2191 ad
1730 2112 1817 2190 suos

612 2209 780 2307 rediens,
802 2212 931 2288 omnia
948 2208 1141 2309 exposuit,
1163 2234 1305 2289 etcum
1327 2213 1456 2290 multis
1470 2211 1550 2290 aliis
1572 2211 1826 2293 Christianam

610 2309 834 2409 religionem
851 2306 1011 2408 litscrpit.
1064 2305 1277 2388 Ridiculum
1303 2310 1380 2389 hoc
1399 2313 1718 2390 commentumab
1735 2307 1819 2410 iplis

606 2406 808 2490 monachis
823 2427 862 2484 et
878 2405 1005 2507 legatis
1020 2429 1051 2486 se
1070 2427 1171 2486 evo
1182 2431 1210 2486 ο
1221 2433 1267 2485 vr
1278 2428 1328 2486 cr
1353 2406 1425 2487 else
1437 2410 1718 2508 excogitatum,
1736 2409 1820 2511 qui·

604 2507 697 2589 libet
713 2530 838 2586 rerum
855 2529 992 2608 gnarus
1010 2506 1226 2609 cognoscit,
1251 2528 1290 2586 et
1307 2507 1365 2588 vel
1382 2508 1491 2589 exiis
1508 2530 1627 2613 patet,
1652 2533 1746 2613 quae
1770 2509 1821 2611 de

604 2628 778 2693 Maura
807 2610 960 2711 Virgine
983 2610 1174 2690 caelorum
1199 2611 1325 2710 regina
1347 2610 1568 2691 retulerant.
1644 2629 1819 2693 rasus

604 2730 866 2795 cnursrvs
891 2710 993 2792 enim
1007 2732 1164 2791 matrem
1180 2708 1280 2791 suam
1299 2710 1392 2792 caeli
1410 2716 1465 2791 Re
1493 2714 1590 2793 ‘nam
1608 2736 1818 2815 numquam

565 2895 568 2900 ,
608 2812 820 2894 conllituit:
844 2813 942 2891 inter
965 2812 1130 2909 reliquos
1146 2808 1291 2891 sandlos
1312 2815 1393 2892 eius
1415 2737 1580 2894 cultores
1609 2837 1718 2918 atque
1744 2817 1829 2906 mir

607 2914 743 2996 nillros
760 2912 938 2994 collocari
955 2915 975 2991 a
994 2914 1079 2993 viris
1093 2909 1270 3013 religiolis
1286 2912 1486 3015 debuisset,
1511 2911 1538 2999 li
1556 2940 1638 2998 non
1654 2941 1816 3001 omnem

607 3014 720 3100 fidem
735 3012 908 3097 relationi
924 3013 1008 3096 suae
1022 3014 1201 3118 denegari
1223 3013 1432 3098 voluissent.

719 3345 922 3411 Rarvxo
945 3351 1048 3409 anno
1080 3330 1423 3405 eroccxxxxlx.
1441 3330 1618 3405 humanis
1642 3332 1758 3408 rebus
1779 3353 1819 3406 e·
1833 3337 1998 3390 Μῦν·

608 3455 743 3518 xemto
767 3426 934 3511 successit
960 3444 1565 3519 mnuouzruors--cernur
1586 3449 1635 3506 ex
1655 3445 1819 3506 runn-
1835 3427 1998 3480 curav.

608 3555 696 3622 tar
719 3533 802 3616 filio
819 3554 949 3635 nepos.
994 3532 1093 3608 Eum
1110 3551 1130 3607 a
1149 3529 1204 3606 Re
1267 3530 1464 3609 Armeniae
1477 3526 1522 3610 ad
1535 3526 1630 3611 satra
1644 3526 1821 3610 Christia-
1833 3506 1998 3651 {mx

586 3661 751 3722 norum
768 3631 992 3739 suscipienda
1003 3628 1078 3749 elle
1093 3628 1164 3710 add
1232 3655 1323 3731 um,
1340 3628 1493 3713 testatur
1506 3649 1575 3712 Ha
1586 3651 1727 3713 rrrro
1747 3636 1816 3714 Ar·
1832 3685 2018 3742 „mm

611 3761 760 3824 merrus.
782 3738 842 3838 (a)
882 3732 1085 3815 Conllrturt
1111 3734 1192 3813 Rex
1215 3735 1473 3814 Armenorum
1503 3753 1819 3817 Harrrrouvs

612 3842 660 3923 ad
673 3844 942 3946 Imperatorem
964 3837 1214 3916 Tartarorum
1233 3835 1271 3915 le
1287 3828 1479 3937 conserte,
1505 3857 1545 3918 vt
1561 3836 1641 3920 eius
1658 3838 1819 3920 amiciti·

1185 3935 1250 4040 Gi
1754 3961 1817 4020 am

650 4159 703 4248 p>
723 4153 774 4226 oa
787 4136 1258 4247 rmamofrxrrarrru
1268 4150 1407 4245 mnf<
1440 4172 1446 4184 ·
