4859 5200
989 614 1293 723 §llaatle
1455 732 1458 737 Ι

536 928 621 1004 dere
636 924 876 1020 maiestatem,
900 928 1009 1016 luna,
1029 920 1079 999 sol
1112 920 1272 1017 rebatur,
1296 921 1420 999 omnia
1430 920 1689 1015 dilatabantur,
1706 906 1757 1021 ets

537 1022 790 1141 perfettiffime
859 1024 1079 1105 coniunctae
1111 1023 1277 1102 homines
1302 1048 1347 1102 ex
1387 1049 1431 1103 eo
1447 1023 1583 1129 gaudio
1600 1021 1757 1105 summo‘
1852 1086 1855 1091 .

538 1153 576 1204 ln
602 1127 663 1205 illo
692 1132 755 1227 (id
768 1131 833 1229 ιβ,
856 1138 960 1201 omnia
974 1128 1081 1224 suble·
1113 1125 1401 1228 perfruebantur.

539 1230 590 1305 lla
620 1233 763 1319 habuit)
798 1253 915 1304 ΜΝ
953 1251 1081 1302 cervu
1161 1229 1454 1305 XX.HicRexso
1504 1250 1745 1335 umregnan·

540 1328 760 1436 gubernauit
803 1329 904 1427 polos
948 1329 964 1423 (
976 1325 1014 1395 id
1044 1325 1084 1420 eft
1116 1324 1163 1398 do
1185 1326 1224 1400 in
1246 1328 1397 1425 propria.
1411 1253 1559 1426 petione
1578 1332 1681 1407 venit
1699 1328 1746 1407 ed

540 1432 724 1528 mundum)
749 1425 896 1530 perfecit
936 1447 1082 1523 compo·
1116 1423 1317 1499 ecclesiam:
1341 1426 1391 1500 sol
1417 1422 1563 1503 rannus
1587 1428 1757 1525 resplenst

388 1566 390 1571 ·
541 1530 684 1632 fuitque
721 1527 928 1609 intellectus
974 1523 1085 1602 virtu·
1119 1522 1219 1600 duit:
1238 1522 1355 1601 nubes
1372 1522 1492 1601 felices
1517 1548 1665 1601 omnem
1690 1486 1757 1633 cad

542 1651 642 1719 tem,
694 1627 820 1705 robure
887 1625 1087 1727 pacificauit
1122 1623 1273 1726 ligincm
1298 1638 1334 1702 et
1356 1623 1602 1702 obscuritatem
1627 1625 1747 1704 noctis

543 1739 700 1829 quatuor
722 1725 857 1813 maria,
899 1727 1087 1802 exornauit
1120 1722 1357 1823 dispulerunt.
1402 1724 1582 1804 Felicitate
1599 1722 1758 1823 inregia¹

529 1820 793 1920 adunauitque
829 1822 955 1897 decem
982 1825 1086 1898 milli·
1119 1823 1545 1925 domuadgregata‚mala
1561 1819 1758 1912 cessarunt·

462 1942 466 1947 ’
546 1946 611 2003 um
636 1921 825 2013 terminos,
841 1919 1012 1996 candelae
1034 1922 1083 1995 in·
1118 1918 1340 2023 sublatisque
1353 1921 1626 1999 diffenfionibur
1636 1920 1749 2020 impe·

546 2024 615 2102 star
631 2018 815 2099 descendit
833 2019 872 2097 iu
894 2019 1087 2097 hominum
1122 2020 1218 2097 rium
1236 2023 1403 2100 nostrum
1419 2022 1624 2100 restitutum
1641 2022 1705 2096 est.

547 2126 675 2205 secreta
694 2136 732 2199 vt
748 2119 936 2223 speculum
953 2144 1092 2221 reprae·
1170 2121 1268 2198 xxl.
1292 2122 1359 2198 Hic
1374 2125 1448 2199 Rex
1465 2149 1546 2197 rar
1574 2147 1671 2196 cvm
1696 2143 1764 2194 rv-

549 2226 689 2305 sentans
755 2246 876 2300 rerum
938 2224 1092 2299 colorem
1126 2217 1298 2297 obediens
1324 2217 1413 2312 fuit,
1451 2220 1585 2297 virtute
1612 2223 1755 2295 caelum

416 2345 488 2414 col.
552 2325 737 2408 Mundum
763 2321 983 2400 illuminauit
1000 2320 1093 2398 resu-
1127 2317 1300 2422 aequauit
1316 2333 1509 2409 etterram;
1526 2318 1624 2396 dedit
1644 2319 1766 2396 vitam⁴

393 2430 532 2507 xxvlll.
552 2427 782 2527 sciteuitque,
827 2441 975 2501 centum
1019 2423 1092 2498 bar·
1130 2423 1285 2520 populo,
1306 2432 1342 2496 et
1364 2419 1470 2497 rebus
1497 2420 1648 2521 tingulis
1675 2444 1756 2520 pro·

551 2529 642 2609 baris
680 2526 780 2605 dedit
807 2528 840 2601 le
870 2550 924 2616 es,
951 2526 1008 2600 lex
1027 2522 1097 2595 sola
1130 2520 1296 2620 grellum.
1319 2519 1613 2596 Odoramenlain
1629 2519 1758 2622 gratia·

446 2637 448 2641 '
553 2629 785 2731 amplissimae
805 2551 996 2725 reipondet
1018 2621 1098 2696 vni·
1131 2643 1212 2694 rum
1243 2617 1428 2732 attionem
1456 2620 1550 2698 mifit
1579 2622 1758 2714 ecclesrae

555 2756 595 2808 ce
631 2723 866 2827 perfectioni,
894 2720 1011 2800 coatti
1033 2747 1098 2796 no·
1131 2743 1290 2802 exercuit
1307 2745 1416 2820 opera
1433 2720 1620 2800 chariratis.
1653 2727 1770 2799 Soletl

557 2852 641 2904 men
661 2830 745 2898 illius
761 2823 944 2918 dicemus,
977 2825 1035 2897 lex
1061 2821 1100 2919 ‘fl
1131 2824 1217 2894 luna
1237 2819 1275 2894 in
1303 2821 1380 2896 eius
1397 2822 1615 2900 vniebmrur
1642 2803 1770 2944 perso-i

558 2923 744 3003 Trinitatis
773 2921 900 3011 unius,
944 2922 1092 3020 Impera·
1133 2944 1201 3010 na,
1222 2924 1277 2993 loc
1295 2922 1336 3019 est
1363 2948 1468 2995 omnes
1483 2926 1528 2996 ad
1551 2926 1761 2998 obedientiam

560 3046 649 3105 tores
673 3022 830 3101 sciebant
858 3019 1015 3121 operari,
1042 3046 1098 3096 va·
1135 3031 1162 3092 ei
1175 3023 1391 3120 praestandam
1403 3024 1606 3100 aduolrbanr.
1765 3003 1772 3142 Ι

562 3129 663 3203 sallus
683 3121 808 3201 debuit
829 3123 973 3202 referre.
1028 3120 1103 3197 Eri·
1186 3124 1300 3198 XXII.
1325 3122 1392 3199 Hic
1418 3127 1491 3202 Rex
1519 3153 1633 3201 rcreu
1661 3151 1763 3203 cvm

561 3254 609 3335 go
637 3223 920 3305 florentissrmum
947 3220 1105 3323 lapidem
1137 3222 1174 3298 in
1194 3222 1373 3325 regimine
1403 3226 1617 3308 constitutus
1634 3230 1763 3303 claram

562 3340 843 3409 monumentum
855 3338 1019 3403 aeternae
1029 3324 1106 3400 lau·
1135 3324 1306 3401 reddebat
1331 3324 1521 3404 virtutem:
1551 3325 1656 3405 armis
1675 3351 1763 3429 qua·

563 3432 616 3510 dis
643 3428 857 3533 originalem
899 3425 1103 3504 felicitatem
1134 3443 1216 3503 tuor
1227 3425 1566 3527 mariapacificauit:
1586 3429 1691 3505 literis
1702 3426 1764 3505 de·

518 3531 520 3538 ’
564 3532 688 3634 magni
704 3528 844 3630 imperii
867 3528 1032 3602 Sinarum
1053 3526 1100 3602 fa·
1137 3554 1214 3604 cem
1226 3528 1544 3605 milliaconfinium
1556 3529 1764 3605 illustrauit:

564 3634 682 3708 miliae
699 3631 818 3733 regiae
843 3653 942 3704 ran
968 3631 1105 3723 Impera·
1138 3625 1767 3706 instarcandelaesecretahominum

563 3741 643 3808 toris
668 3756 778 3807 rcrrru
815 3753 947 3805 cnvu
982 3726 1090 3801 secun
1140 3727 1378 3821 illuminauit,
1399 3746 1433 3805 ct
1450 3730 1549 3809 velut
1568 3731 1606 3805 in
1622 3731 1768 3832 specula

563 3830 610 3909 do
629 3849 745 3920 anno,
770 3853 887 3928 quum
906 3824 989 3902 esset
1011 3826 1108 3926 prin·
1141 3826 1283 3906 detecta
1303 3830 1468 3909 cernebat
1487 3832 1630 3921 omnia,
1650 3846 1768 3907 totum

562 3929 699 4031 cipiunt
740 3927 933 4005 audiumni
978 3926 1108 4003 meniis
1142 3927 1768 4011 resuscitarritorbem:cuntlibarba·

454 4091 456 4096 .
563 4028 781 4136 septiqur'r
814 4027 940 4129 magni
961 4027 1109 4104 luminis
1144 4031 1744 4136 riregulamuiuendiacceperunt.

1640 4140 1771 4218 xxlll.
