4859 5200
1063 496 1374 618 *istm

627 677 755 774 coelestis
768 683 912 774 agricolae
936 680 1219 777 [salutiferojemine
1249 686 1336 757 verbi
1349 693 1427 771 Dei,
1443 686 1645 785 snsfbib'eram
1661 698 1782 794 praebet·

624 800 691 847 cent
706 780 843 871 segetem,
865 808 903 851 eu
916 808 976 877 qno
989 782 1121 853 tamdem
1140 784 1338 878 multiplicata
1352 787 1443 882 meffis
1460 798 1494 858 iu
1505 795 1778 869 borreaDonsinica

621 873 796 961 inferretur.
844 880 994 969 Quocirca
1008 881 1213 971 discretionem
1227 879 1356 975 vestram
1384 909 1554 969 monemus,
1577 894 1778 967 etbertomur

622 977 655 1040 in
669 977 820 1060 Domino,
843 978 990 1071 vobisque
1017 976 1250 1075 neremifflonem
1271 986 1475 1073 peccaminum
1494 983 1777 1077 dstrs'b‘biusiniws·

612 1077 734 1161 gioms,
761 1094 791 1141 et
804 1072 1001 1161 mandamus,
1027 1097 1177 1171 qnatenus
1189 1102 1261 1162 vas,
1279 1081 1350 1145 cs'sm
1366 1076 1473 1148 diuino
1493 1084 1634 1169 auxilio,
1658 1087 1703 1155 od
1715 1109 1777 1157 ter·

619 1189 820 1263 roserportes
834 1168 1016 1260 caederentes
1040 1172 1234 1266 praedie‘bas,
1257 1194 1416 1270 tamqnam
1420 1174 1531 1266 fideles
1541 1179 1687 1273 ministri,
1714 1204 1778 1254 tam

611 1284 669 1359 per
674 1266 928 1359 praedicationem
954 1269 1042 1337 verbi
1062 1272 1138 1353 Dei,
1163 1296 1256 1367 qstosn
1282 1274 1347 1341 alio
1373 1272 1510 1364 vntuofit
1532 1297 1562 1344 et
1595 1282 1779 1372 mensploria

618 1382 722 1456 opero,
740 1364 819 1457 sbcot
835 1366 925 1434 nobis
950 1365 1317 1460 Domitussminilbrabie,
1340 1371 1528 1439 corroborare
1549 1370 1656 1463 infide
1676 1378 1776 1445 ortho-

615 1462 879 1547 demandantes,
903 1480 932 1529 et
950 1483 1010 1529 non
1035 1463 1188 1534 eredentes
1204 1465 1251 1534 ad
1274 1490 1343 1534 eottt
1367 1470 1538 1551 attrahere,
1563 1493 1599 1539 ac
1622 1469 1773 1557 inducere,

613 1566 649 1626 iss
671 1562 735 1629 lnce
749 1558 915 1649 formosis,
941 1578 972 1625 ee
985 1554 1166 1628 rei‘bittsdine
1187 1570 1283 1652 operis
1313 1564 1417 1633 taliter
1432 1562 1601 1657 studeatis,
1621 1567 1705 1662 quod
1718 1568 1774 1637 de·

611 1679 697 1723 nsum
709 1652 857 1750 comroiffa
873 1653 959 1723 vobis
971 1655 1086 1722 talenta
1099 1677 1167 1723 snm
1182 1655 1498 1743 multiplicatojruibu
1510 1658 1621 1753 poffltis
1645 1662 1774 1753 reddere

614 1757 767 1829 Domino;
791 1773 820 1822 et
832 1774 989 1847 tamquam
995 1748 1083 1840 serui
1087 1749 1217 1842 fideles,
1242 1754 1276 1817 in
1291 1749 1485 1819 retributione
1505 1756 1647 1843 inflornen
1658 1783 1774 1831 merea.

612 1850 785 1946 osissisupes
795 1832 894 1919 s'nsdte
907 1846 1063 1941 constitui,
1083 1868 1117 1916 et
1131 1856 1249 1916 intrare
1274 1845 1484 1935 ingaudium,
1509 1871 1577 1916 cessa
1585 1850 1686 1941 glossa
1698 1860 1775 1923 tabi-

612 1951 667 2017 bus
680 1948 890 2044 repsnmsflnm.
944 1946 1100 2017 dstantem
1114 1942 1312 2031 nsinisterinm
1324 1943 1499 2014 huiusmodi
1505 1969 1541 2013 eo
1546 1946 1687 2038 plenius,
1709 1959 1774 2019 vti·

611 2049 690 2135 lias,
714 2044 940 2138 etfruiZuojitts
966 2044 1098 2113 valeatis
1123 2045 1262 2135 implere,
1286 2061 1346 2135 quo
1368 2048 1478 2110 maiori
1484 2038 1616 2130 fimitis
1636 2043 1772 2116 ossbbori·

611 2165 675 2212 tate
693 2140 834 2239 figb'ulti,
855 2137 1043 2235 proponendi
1068 2137 1141 2223 vbi,
1181 2135 1323 2232 quando.
1349 2144 1483 2229 qssoties,
1517 2162 1552 2204 ac
1582 2139 1709 2233 quibua,
1735 2148 1771 2212 in

612 2240 723 2313 eisdem
745 2238 903 2333 partibus,
922 2256 980 2329 pro
1003 2232 1138 2302 eiusdem
1160 2232 1394 2301 corroboratione
1419 2252 1450 2300 et
1475 2230 1658 2304 dilatatione
1674 2237 1767 2333 fidei,

610 2337 770 2435 expediens
794 2334 956 2416 videritis,
979 2331 1106 2399 verbum
1131 2330 1208 2414 Dei,
1232 2349 1263 2398 et
1284 2327 1450 2423 constitutis
1469 2329 1602 2418 ibidem,
1626 2358 1687 2404 non
1715 2337 1768 2406 ob.

606 2435 739 2529 ssatstefi
751 2436 850 2529 aliqui
875 2435 984 2499 maiori
1007 2433 1310 2498 esccomrnsotieotione
1334 2430 1422 2518 ligati
1433 2424 1575 2517 facerint,
1599 2439 1634 2498 in
1660 2435 1767 2521 verbo,

608 2536 720 2630 officio,
745 2552 775 2603 et
800 2532 881 2616 cibe,
904 2530 1035 2625 aliisque
1061 2524 1187 2620 honestis
1200 2522 1336 2593 redicitis
1362 2524 1602 2597 communicandi
1604 2526 1709 2620 ficari
1730 2539 1768 2606 itt

608 2635 673 2730 ipſse
694 2631 845 2728 petrtibus,
879 2627 1113 2712 erectionibus,
1140 2621 1491 2719 quiSedisApossobicae
1513 2625 1677 2720 mstgt'flecio
1701 2651 1770 2712 nota

604 2731 782 2813 ostendunt,
807 2751 881 2826 quos
893 2730 1027 2796 consesti
1040 2723 1085 2794 ad
1098 2728 1250 2792 veritatem
1262 2719 1396 2790 eiusdem
1400 2719 1481 2812 fidei
1492 2729 1627 2818 cupimus
1643 2723 1688 2794 od
1697 2750 1771 2798 eottu

603 2829 784 2925 recipiendi,
809 2821 1008 2920 baptizandi,
1031 2842 1061 2889 et
1074 2821 1150 2888 ouili
1186 2818 1300 2887 delium
1314 2818 1505 2907 aggregandi,
1529 2841 1632 2911 veper
1646 2847 1767 2912 regent·

604 2936 731 2997 rationis
741 2931 875 3014 gratiam
890 2920 928 2987 de
947 2919 1104 3007 longinquo
1169 2913 1263 3000 fisum
1277 2932 1461 2981 scantentes
1480 2910 1652 3003 aufborem,
1676 2918 1766 2989 liberi

606 3023 771 3115 efficiamur
787 3040 825 3082 ex
833 3009 991 3103 seruis,de
1007 3008 1158 3073 extraneis
1168 3007 1375 3090 ponebantur
1383 3011 1417 3068 in
1425 3005 1563 3089 filimere
1575 3016 1765 3101 corruptibili

606 3101 694 3191 earne
710 3121 777 3185 nati
792 3115 851 3180 Dei
857 3107 972 3204 spiritu
988 3095 1199 3186 ressoscontur,
1223 3113 1252 3162 et
1265 3091 1420 3162 obtineant
1434 3105 1652 3188 pergratiam,
1675 3109 1762 3198 quod

607 3243 667 3292 non
684 3215 815 3285 obtinent
824 3227 878 3300 per
892 3221 1044 3274 naturam.
1124 3190 1247 3283 Rursus
1269 3211 1299 3260 et
1326 3197 1361 3260 in
1383 3191 1454 3259 Iocis
1480 3202 1614 3287 portiom
1634 3201 1762 3292 praedi·

551 3369 553 3374 .
605 3316 739 3394 Harum,
766 3317 798 3375 ist
820 3301 928 3399 quibus
949 3321 1006 3366 vos
1032 3289 1184 3386 hospitari,
1207 3290 1263 3358 neb
1278 3287 1471 3382 refidentiam
1486 3289 1761 3390 fooerecontingee,

608 3405 719 3506 Miffas
734 3427 763 3475 ee
777 3403 886 3473 diuina
901 3393 1012 3490 officia,
1023 3391 1149 3484 scrutata
1175 3409 1277 3456 tamen
1304 3382 1452 3479 bosseflate
1473 3385 1586 3475 debita,
1611 3393 1761 3466 celebrate·

605 3511 642 3580 di
720 3531 753 3574 oe
767 3499 877 3570 ibidem
886 3493 1031 3588 fidelium
1056 3483 1240 3584 cossfeffietses
1257 3481 1423 3570 audiendi,
1451 3505 1482 3552 et
1496 3489 1674 3580 inissngondi
1698 3500 1760 3562 eis.

606 3565 674 3682 dede
690 3601 892 3702 poetsiteneios
901 3593 1062 3682 [cotiones.
1112 3589 1147 3656 In
1166 3581 1363 3676 Eccbefiorutn
1385 3603 1503 3678 quoque
1520 3593 1659 3680 portium
1672 3607 1759 3682 prae.

606 3709 761 3782 ditiorum
777 3689 1025 3772 dedicationibus,
1050 3704 1078 3753 et
1092 3680 1294 3769 susstinens,
1322 3705 1450 3775 qnorum
1475 3683 1588 3754 altaria
1600 3691 1634 3753 itt
1653 3687 1759 3762 Eccle-

599 3812 655 3901 fiis
666 3804 732 3896 ipfis
747 3797 875 3886 fecerint,
889 3782 1120 3884 feflitsitotibut,
1133 3779 1185 3868 [eu
1205 3803 1272 3848 essm
1293 3800 1351 3850 vos
1368 3784 1515 3871 continget
1533 3800 1706 3877 proponere,
1722 3795 1760 3862 in

600 3898 784 4005 suprodibbis
793 3889 932 3990 partibus
948 3881 1070 3954 verbum
1083 3883 1154 3966 Dei,
1172 3873 1341 4066 o(bs{aeibus
1362 3897 1465 3950 tamen
1479 3881 1676 3970 Patriarcbis,
1690 3889 1759 4055 ᾗ.

1203 3992 1222 4039 Ζ
1263 3987 1287 4049 2
1675 4005 1693 4049 c
1719 3988 1756 4040 ἰ
