4859 5200
1314 624 1373 695 b

546 814 556 823 ,
624 749 780 846 fliattam,
800 745 906 842 filiam
934 748 1030 841 Regia
1055 615 1287 844 φῖἑενίιῖῗκν(
1300 740 1450 839 Prebyeer
1474 702 1715 834 contonat,
1754 765 1787 827 at
1804 708 1853 819 td
1885 816 1888 821 .

628 853 879 921 exhortationem
897 856 964 919 eiua
981 842 1380 941 etcuiusdamfirnctrffimi
1395 841 1560 940 Episcopi,
1590 854 1647 943 qui
1664 871 1696 920 tc
1706 869 1731 920 Δ
1742 867 1800 927 LA
1812 870 1848 921 t·
1882 855 1886 860 ’

628 972 724 1024 sins
746 970 902 1042 vacatur,
936 946 1083 1043 baptismi
1098 946 1335 1039 firmamentum
1350 942 1546 1040 susceptam
1575 948 1628 1017 die
1644 949 1843 1043 Epiphaniae

528 1108 530 1114 .
625 1076 695 1122 cum
712 1048 816 1120 &cem
834 1071 865 1120 et
882 1069 948 1118 octo
956 1047 1042 1142 filiis
1059 1052 1200 1142 Regum,
1227 1066 1260 1116 et
1271 1047 1384 1142 plures
1399 1046 1479 1131 olii,
1508 1052 1646 1116 maxime
1662 1050 1841 1143 capitanei,

622 1142 745 1222 Tamen
761 1151 857 1220 multi
866 1148 948 1241 sobac
965 1145 1067 1218 adhuc
1083 1157 1169 1219 inter
1183 1170 1253 1233 eos,
1288 1153 1346 1249 qui
1361 1144 1501 1217 nondum
1508 1145 1595 1240 fidei
1603 1145 1841 1240 sacramentum

613 1251 827 1345 susceperunt.
871 1270 1187 1322 cucurrerant
1205 1270 1283 1317 vero
1298 1255 1356 1344 qui
1371 1244 1442 1342 istos
1460 1255 1591 1319 nuntias
1612 1246 1716 1342 mejit,
1745 1252 1840 1322 Chri·
1902 1244 1904 1251 ’

616 1351 740 1448 slianus
757 1348 817 1444 est,
843 1356 906 1419 iam
914 1347 1114 1443 suntplures
1129 1355 1228 1434 anni,
1252 1367 1285 1417 at
1300 1371 1364 1423 nou
1381 1346 1421 1442 ast
1436 1346 1607 1439 desemine
1623 1356 1718 1444 regio.
1771 1343 1842 1433 Tu.
1915 1354 1920 1362 '

622 1475 693 1522 men
709 1473 840 1543 magnus
858 1448 898 1546 est
920 1469 954 1519 et
965 1468 1098 1545 potens;
1125 1470 1157 1518 ct
1170 1445 1261 1518 modo
1273 1455 1383 1541 agitin
1390 1446 1517 1542 finibus
1531 1448 1686 1538 Perfidia,
1703 1452 1730 1520 -a'
1740 1469 1848 1546 pame-

620 1559 764 1624 arientis.
807 1572 1004 1624 accaron
1027 1574 1105 1619 vero
1120 1553 1212 1620 bomo
1232 1545 1462 1644 paganenses,
1502 1569 1536 1618 et
1550 1549 1645 1621 babet
1663 1553 1836 1625 Saracenas

622 1652 849 1745 consiliarios,
885 1672 917 1721 et
935 1649 1004 1720 ideo
1020 1649 1102 1719 mole
1119 1657 1234 1744 recepit
1249 1657 1381 1740 nuntiat
1398 1646 1529 1743 ueslros.
1606 1649 1672 1729 Sed
1687 1657 1752 1723 iam
1768 1677 1842 1729 natta

590 1784 603 1797 ··
619 1756 714 1823 habet
732 1773 855 1821 tantam
869 1749 1063 1846 potestatem.
1114 1751 1317 1820 Modoenim
1338 1748 1527 1844 constitutur
1552 1749 1593 1845 ‘fl
1608 1751 1671 1844 sub
1682 1752 1835 1851 potestate

618 1874 939 1927 eneruauerunt.
994 1853 1041 1921 De
1049 1847 1184 1942 soldano
1201 1875 1279 1919 vero
1296 1848 1430 1947 Moyseo
1438 1849 1510 1943 stue
1525 1848 1699 1946 Mustelae,
1718 1844 1849 1927 dicunt¹
1892 1880 1907 1947 g
1982 1906 1988 1915 ·

523 1951 527 1957 ’
619 1950 787 2050 quodsuit
796 1951 892 2045 filius
911 1949 1075 2023 cuiusdam
1095 1948 1308 2041 Chrislianoe,
1342 1970 1373 2021 et
1391 1975 1430 2020 ex
1447 1949 1539 2022 corde
1556 1950 1666 2045 diligit
1682 1953 1832 2049 Chrislia·

617 2078 695 2138 noc,
713 2072 744 2119 et
756 2051 838 2145 sesto
849 2077 954 2120 eorum
963 2051 1125 2142 obstruat,
1142 2076 1197 2120 nec
1216 2060 1250 2120 in
1260 2051 1368 2148 aliquo
1380 2049 1485 2121 obedit
1502 2053 1564 2142 legi
1584 2075 1831 2141 mantnt-:13
1946 2062 1949 2067 ’

619 2171 652 2220 et
668 2149 809 2217 creditur
827 2150 912 2243 quod
919 2151 952 2240 fi
962 2152 1094 2218 baberet
1111 2169 1234 2242 tempus
1252 2170 1284 2217 et
1301 2157 1586 2241 opportunitatem,
1622 2150 1757 2223 libenter
1767 2151 1831 2246 fia·

619 2269 667 2320 ret
679 2244 884 2339 Christianus.
936 2250 1027 2314 Docti
1045 2267 1150 2313 autem
1166 2252 1276 2317 nuntii
1292 2246 1466 2334 diacorum,
1492 2246 1579 2342 quod
1594 2249 1724 2338 oriundi
1740 2273 1851 2324 erantt
1900 2284 1903 2289 ’

619 2349 659 2422 de
677 2342 815 2443 quodam
834 2351 965 2414 ciuitate
984 2369 1065 2442 quoe
1081 2341 1212 2437 dislota
1231 2342 1399 2437 Musula,
1431 2369 1512 2442 quae
1528 2342 1685 2444 quondam
1703 2351 1831 2427 Niniue

619 2448 811 2530 vocabatur,
835 2465 895 2542 per
909 2444 991 2514 duas
1007 2444 1153 2532 diaetas,
1179 2464 1211 2513 et
1229 2442 1317 2540 quod
1333 2442 1601 2541 Chrestianieront
1617 2459 1829 2547 aprogenito·
1935 2529 1938 2533 ,
2026 2488 2032 2497 x

616 2549 705 2623 ribos
717 2544 803 2639 suia
884 2545 1040 2618 Dicebant
1064 2552 1162 2618 etiam
1178 2543 1267 2643 qood
1278 2568 1393 2617 nomen
1413 2544 1539 2622 Summi
1556 2546 1721 2650 Ponttficis
1736 2551 1828 2630 moda

616 2648 734 2723 celebre
750 2668 820 2717 erot
833 2645 920 2743 apud
940 2639 1118 2732 Tartaros,
1148 2667 1181 2717 et
1197 2644 1290 2743 quad
1300 2654 1437 2719 intentio
1462 2672 1586 2725 tacu
1596 2677 1618 2726 tt
1628 2645 1648 2725 t.
1660 2643 1684 2728 t:
1694 2655 1743 2727 ati
1770 2652 1829 2727 dr·

616 2748 761 2843 ministri
776 2770 807 2818 et
820 2748 1008 2843 propostam
1025 2770 1095 2819 erat
1110 2756 1294 2844 impugnare
1314 2755 1349 2818 in
1373 2750 1432 2820 hac
1449 2748 1562 2845 aestate
1573 2757 1722 2850 proximo
1741 2755 1829 2828 calte
1883 2828 1911 2849 .-

610 2858 707 2951 pbom
723 2850 764 2922 de
781 2850 933 2954 Baldak',
964 2870 997 2920 et
1019 2848 1187 2921 vindicare
1204 2855 1358 2920 iniuriam
1374 2876 1394 2919 a
1412 2850 1600 2944 Corosminir
1616 2855 1742 2927 illatam
1759 2859 1827 2929 Do·

615 2965 700 3025 mino
716 2973 783 3023 uta
795 2976 819 3022 v
847 2957 1067 3032 cu'nt'sao.
1119 2954 1238 3020 Octauo
1258 2974 1335 3020 vero
1351 2950 1428 3021 Kal.
1440 2952 1624 3048 Februarii,
1645 2954 1728 3027 dicti
1740 2980 1827 3029 nun·

619 3062 659 3126 tii
677 3077 697 3121 a
715 3053 799 3143 Rege
816 3050 967 3118 franciae
983 3051 1145 3117 licentiam
1163 3068 1366 3142 receptrutct;
1393 3070 1425 3117 et
1451 3051 1506 3121 Vt.
1524 3055 1602 3132 Kal.
1619 3053 1701 3127 dicti
1716 3047 1833 3152 mense

620 3148 812 3245 Nicbofflam
828 3155 994 3233 exierunt,
1022 3145 1055 3214 et
1073 3168 1143 3214 cum
1161 3154 1207 3215 eis
1215 3149 1344 3217 Fratres
1359 3145 1617 3241 Praedicatores,
1641 3179 1741 3231 nun
1752 3171 1825 3231 u·

618 3273 689 3332 As,
718 3267 926 3317 consuas
947 3264 1302 3331 etwrattttacvs,
1339 3251 1825 3341 quosRexmittitaddiatum

614 3351 729 3441 Regem
745 3334 956 3412 Tartarorum
977 3366 1046 3412 cum
1060 3352 1225 3433 exenniis,
1252 3342 1404 3413 videlicet
1422 3344 1559 3439 quodam
1578 3374 1667 3421 cruce
1681 3352 1725 3422 de
1739 3356 1828 3449 lagno

615 3443 765 3540 uiuificce
779 3449 899 3530 crucia,
926 3462 962 3512 et
977 3449 1114 3512 tentorio
1128 3439 1170 3512 de
1177 3438 1319 3534 scarteto
1338 3495 1349 3529 ,
1384 3450 1436 3512 cui
1452 3441 1563 3537 affixae
1577 3444 1654 3538 sunt
1671 3450 1826 3526 bordatu.

611 3574 686 3639 rae,
712 3553 747 3617 itt
764 3541 879 3642 quibus
894 3566 1026 3640 eaquae
1050 3544 1209 3613 Dominus
1241 3561 1369 3616 attvs
1403 3566 1639 3638 §nutum
1660 3549 1748 3653 gefflt
1762 3572 1827 3654 pre

585 3680 587 3684 .
611 3649 703 3723 nabis
721 3655 756 3717 in
774 3641 985 3741 corporcsuo,
1001 3639 1459 3743 suntbonestiffimcrxamta,
1489 3667 1521 3718 ct
1562 3650 1734 3726 urbem„
1746 3656 1827 3729 ag„

553 3805 556 3812 -
603 3747 821 3849 spectantibus
835 3741 881 3815 acl
896 3745 1019 3816 cultum
1035 3743 1204 3835 diuinum,
1224 3765 1257 3814 et
1270 3743 1317 3816 ad
1329 3745 1368 3819 id
1383 3674 1599 3822 inuitantilor
1615 3750 1744 3828 dictum
1754 3743 1828 3831 Re..-

607 3876 689 3948 gem.
742 3850 809 3943 Ego
835 3867 913 3918 vero
940 3844 1039 3925 eidem
1056 3847 1136 3939 Regi
1163 3847 1279 3935 Char,
1317 3867 1352 3917 et
1373 3868 1567 3923 materterae
1574 3849 1679 3947 sicae,
1700 3878 1737 3928 et
1754 3883 1825 3933 η.

615 3974 735 4028 cam
745 3972 769 4023 c
780 3973 804 4022 Α
815 3975 849 4037 ι,
876 3968 909 4018 et
928 3947 1088 4018 Praelatis
1105 3969 1211 4018 eorum
1227 3948 1358 4018 litterae
1375 3946 1551 4046 destinati,
1573 3955 1828 4032 risdenuntiona

612 4051 700 4154 qood
706 4049 906 4144 sacrosancta
922 4050 1067 4172 Rarum
1082 4047 1463 4249 &elesta'cgsgstm
1479 4045 1665 4169 eorumdem·
1674 4055 1827 4235 agae:
