4859 5200
698 724 853 803 Litterae
870 721 1132 804 constabularii
1154 723 1348 802 Armeniae
1368 725 1413 801 ad
1435 729 1574 828 Regem
1590 730 1715 829 Cypri.
1743 753 1746 757 ·

703 831 911 918 „accelerati
928 835 1091 924 erpotenti
1109 836 1181 897 viro
1200 832 1336 899 Domina
1353 833 1398 902 H.
1416 832 1480 901 Dei
1498 841 1607 922 gratia
1625 835 1705 926 Regi
1724 837 1826 931 Cypri,
1897 856 1901 861 ·

603 948 660 1016 „oo
679 930 877 1028 noliliffimae
901 950 933 998 et
947 926 1174 1024 potenrifflmae
1192 931 1348 998 Dominae
1357 928 1464 1020 sorori
1476 930 1560 1019 suae
1573 934 1615 1004 E.
1631 937 1738 1003 eadem
1766 937 1829 1006 Da·

604 1021 733 1122 ,gioria
751 1033 894 1121 Reginae
913 1033 1025 1126 Cypri,
1052 1049 1083 1097 et
1100 1029 1200 1098 nobili
1219 1038 1291 1097 viro
1307 1032 1442 1099 Domino
1459 1032 1483 1100 I.
1502 1028 1542 1098 de
1558 1030 1658 1100 lbelin
1684 1033 1829 1130 cariffimo

605 1127 734 1219 ,fratri
751 1154 837 1218 mea,
856 1151 888 1198 et
905 1130 1004 1198 nobili
1034 1132 1191 1198 Dominae
1216 1126 1380 1227 cariffimae
1397 1129 1505 1219 sorori
1532 1154 1618 1200 meae
1644 1155 1829 1221 maaian

605 1252 832 1317 „tiemonem
868 1226 1123 1324 Constabnlarins
1133 1231 1305 1298 Armeniae
1311 1228 1451 1319 salutem
1469 1250 1500 1298 ee
1530 1230 1693 1309 mandaris
1718 1231 1829 1325 vestris

606 1347 773 1422 „paratam
789 1327 998 1401 dilellionern.
1049 1331 1178 1398 Natam
1188 1325 1279 1418 facia
1296 1328 1383 1425 quad
1403 1354 1454 1422 ego
1468 1328 1537 1416 sum
1547 1329 1647 1421 sanus
1663 1352 1695 1411 ee
1712 1334 1832 1401 incoln-

515 1428 527 1454 ⁴
607 1434 710 1517 ,‚mis,
736 1429 818 1501 illud
832 1429 915 1501 idem
936 1426 1114 1521 defiderans
1129 1429 1243 1499 audire
1260 1449 1292 1498 et
1304 1427 1387 1518 scire
1400 1435 1440 1499 de
1455 1431 1558 1504 vobis.
1609 1433 1744 1520 Sciatis,
1763 1432 1829 1501 Do·

514 1584 518 1589 .
609 1537 716 1616 „mini
733 1538 814 1618 mei,
846 1531 1022 1627 qnodficnr
1037 1537 1081 1601 al
1097 1538 1160 1598 icer
1178 1530 1334 1621 agendam
1346 1548 1406 1622 pro
1422 1532 1489 1599 Deo
1508 1551 1540 1598 er
1564 1533 1711 1601 vtilitace
1738 1534 1829 1602 Chri·

612 1626 811 1725 ,stianiratic
831 1655 879 1700 me
887 1629 1069 1726 specialiter
1084 1627 1229 1724 exposui,
1254 1629 1296 1720 fic
1314 1627 1468 1698 conduxit
1487 1654 1537 1698 me
1555 1652 1671 1703 iesvs
1699 1655 1828 1706 cirni-

616 1751 752 1815 „srvs
769 1729 925 1827 voquead
943 1726 1111 1826 quamdam
1134 1731 1244 1797 vallam
1263 1752 1343 1824 quae
1373 1751 1507 1798 vocatur
1535 1732 1715 1833 Saoaretrat.¹
1770 1732 1831 1802 Ve-

615 1854 713 1916 „rnrn
730 1831 811 1928 quid
827 1831 961 1900 dicerem
980 1832 1038 1899 vel
1042 1826 1213 1918 scriberem
1239 1829 1348 1914 valis,
1375 1848 1424 1895 too
1439 1850 1543 1898 terras
1559 1856 1639 1926 quas
1666 1831 1829 1920 vidimus,
1874 1836 1879 1842 ’

612 1941 785 2026 „quoniam
803 1930 976 2019 dimifimns
992 1933 1116 1999 indiam
1135 1950 1220 2000 retro
1239 1952 1296 1998 nos
1314 1926 1359 1998 ad
1384 1930 1533 2014 Pontem,
1567 1950 1599 1998 et
1625 1933 1829 2023 transierimus

611 2030 787 2112 „Bandaclr
810 2053 842 2101 et
857 2053 957 2101 rotam
984 2051 1101 2100 terram
1130 2038 1199 2099 eius
1222 2028 1345 2098 duabur
1370 2029 1521 2120 menfibur
1546 2036 1666 2120 arrepti
1687 2038 1826 2105 itineris.

612 2124 781 2221 „Ecquid
796 2129 930 2197 dicerem
953 2149 1003 2196 tot
1020 2135 1167 2196 ciuitates
1184 2153 1265 2221 quas
1279 2127 1354 2195 vidi
1380 2126 1544 2215 deesertas,
1588 2149 1668 2219 quas
1692 2119 1828 2199 Tartari

612 2224 866 2318 „vaflauerune,
887 2247 1021 2319 quaram
1039 2226 1149 2292 nullus
1167 2227 1329 2290 hominum
1344 2221 1438 2315 pollet
1462 2225 1652 2316 opulentiam
1678 2229 1736 2297 vel
1758 2252 1826 2298 arn·

610 2322 825 2419 ,plirudinem
840 2321 1026 2417 aesiimare?
1070 2320 1219 2390 Vidimus
1250 2327 1332 2391 enim
1362 2340 1429 2390 trec
1445 2323 1561 2394 vilar.
1589 2336 1828 2424 'quorumquae-
1915 2322 1920 2333 ’

616 2424 719 2512 „lilea
734 2444 803 2494 erat
820 2430 947 2492 itineris
964 2429 1064 2490 ariam
1084 2421 1208 2492 dierum
1233 2443 1357 2512 magna.
1425 2421 1472 2492 Eo
1494 2419 1639 2515 vidimus
1656 2425 1829 2522 plusquam

616 2545 766 2614 „centurn
784 2525 867 2593 mille
885 2515 1018 2617 aggeres'
1034 2543 1159 2614 magnos
1190 2540 1221 2588 er
1249 2519 1410 2597 mirabiles
1435 2519 1537 2620 offlam
1565 2523 1828 2619 inrerfellorcom,

616 2652 720 2725 „quos
740 2620 876 2697 Tartari
891 2620 1131 2713 interfecerunt.
1189 2621 1238 2693 Et
1251 2621 1327 2691 lene
1341 2622 1478 2693 videtur
1489 2623 1598 2711 nolis,
1615 2633 1690 2722 qaia
1692 2627 1728 2721 st
1742 2629 1832 2712 Dens

613 2747 729 2823 „prope
740 2719 895 2798 Tamaros
912 2750 974 2793 nan
986 2717 1184 2815 addoniffet,
1208 2729 1265 2818 qui
1282 2724 1425 2815 Paganos
1424 2723 1471 2816 fic
1488 2721 1727 2818 destruxerunt,
1736 2725 1846 2823 stiffi-¹

614 2850 746 2916 „cereno
763 2831 806 2898 ad
823 2824 1016 2922 implendum
1037 2845 1069 2893 er
1092 2820 1319 2919 acquirendum
1346 2843 1445 2893 totam
1472 2844 1590 2894 terram
1616 2834 1829 2905 cismarinam.

618 2930 687 3015 „Er
707 2929 910 3021 tranfinimus
925 2950 1025 2995 vnum
1045 2923 1084 2995 de
1093 2923 1283 3017 flaminibus
1299 2924 1444 3017 Paradiſs
1451 2980 1460 3013 ,
1478 2923 1730 3023 quodscriptura
1743 2930 1831 3001 Gion

614 3030 798 3123 „appellao,
832 3032 934 3094 mains
949 3021 1036 3118 quod
1052 3044 1196 3115 ‘conquam
1217 3021 1386 3109 vidimus,
1421 3031 1498 3117 quia
1523 3050 1630 3096 arena·
1644 3036 1714 3097 eius
1728 3027 1828 3100 durae

612 3127 847 3224 „vndiquaque
860 3143 918 3217 per
936 3144 1035 3190 vnarn
1062 3142 1204 3210 magnam
1214 3117 1365 3194 diaetam.
1418 3124 1467 3192 De
1491 3121 1643 3198 Tamaris
1657 3125 1828 3219 verascia·

614 3236 685 3313 „air
701 3222 874 3321 quodsum
882 3230 930 3288 ira
947 3217 1212 3305 innumerabiles,
1242 3218 1328 3314 qaod
1342 3221 1446 3289 nullus
1462 3219 1557 3313 poffee
1581 3249 1632 3294 eor
1657 3226 1827 3319 aestimare,

617 3345 673 3409 „et
689 3320 836 3418 infliffimi
852 3338 884 3386 et
897 3317 970 3385 lani
988 3318 1134 3402 archerii,
1144 3315 1416 3405 terribileaforma
1425 3336 1456 3384 er
1460 3320 1636 3408 plurimum
1643 3320 1829 3409 facierum

617 3443 675 3511 „et
688 3442 745 3518 per
761 3423 888 3489 litteras
905 3439 966 3486 non
978 3411 1126 3512 pollemus
1136 3412 1306 3507 describere
1322 3421 1406 3488 ritus
1425 3438 1542 3489 eorum.
1595 3417 1661 3492 Sed
1673 3419 1708 3512 ſs
1737 3422 1828 3494 Dm

619 3520 836 3622 „praestirerit
848 3519 928 3588 miln'
943 3525 1075 3604 viram,
1095 3536 1136 3584 vc
1148 3511 1251 3612 poffim
1271 3537 1331 3584 vor
1348 3512 1460 3587 videre
1476 3515 1722 3619 cumadiutorio
1740 3518 1828 3594 diui·

617 3626 789 3722 ‚,nojimos
807 3641 838 3693 et
856 3618 1046 3707 incolumes,
1073 3628 1178 3688 omnia
1195 3613 1287 3685 volis
1310 3640 1363 3686 ore
1384 3616 1430 3688 ad
1451 3641 1485 3686 os
1510 3618 1671 3694 enarrabo.
1724 3622 1829 3704 Nm

616 3725 717 3819 „vera
730 3733 807 3811 lone
826 3717 895 3793 aiio
909 3718 1042 3811 menses,
1058 3716 1145 3816 quod
1159 3717 1200 3788 de
1217 3717 1270 3788 die
1297 3737 1329 3790 aa
1350 3714 1390 3790 de
1406 3714 1494 3790 nolle
1511 3718 1752 3797 ambulaoimne.
1780 3725 1829 3800 Ee

616 3828 729 3914 „mola
746 3824 867 3898 dicitur
884 3820 973 3893 nabis
991 3817 1198 3919 quodsumus
1214 3816 1259 3889 ad
1274 3817 1411 3890 medium
1437 3826 1557 3917 arrepti
1572 3825 1700 3902 itineris
1723 3845 1828 3898 terrae

621 3933 755 4019 „Clran,
777 3930 832 3997 hoa
849 3922 890 4023 ess
900 3980 910 4013 ,
939 3927 1069 3993 maioris
1086 3922 1219 4004 Domini
1236 3919 1459 3993 Tartarorum.
1518 3922 1618 4020 Super
1632 3933 1754 4017 negatio
1770 3949 1829 3998 au·
1889 3920 1892 3924 ’

610 4018 709 4123 „cern
725 4025 847 4123 ooofiro,
872 4048 976 4099 ornnes
993 4028 1051 4123 qni
1067 4015 1198 4094 obiciant
1212 4021 1326 4111 nobis,
1353 4041 1386 4093 eo
1416 4014 1606 4097 Tamarici
1630 4027 1691 4097 alii
1714 4022 1829 4099 deone

1236 4118 1313 4222 (ε)
1642 4187 1646 4194 -
1708 4127 1825 4218 aaa
