4859 5200
904 525 1224 681 ornos&

465 719 626 800 excitare
641 712 836 798 molellitt.
886 717 1089 816 Campanas
1108 712 1232 814 (liceat
1254 715 1456 800 nobishoc
1472 719 1659 803 vocabulo
1734 721 1738 728 ’

466 821 523 898 vti
536 817 598 899 vsu
614 820 687 896 iarn
708 813 906 910 emollito)
935 816 1033 894 inter
1056 837 1174 894 cetera
1197 837 1305 918 aegre
1326 814 1510 916 ferebant,
1524 828 1586 920 (e)
1612 821 1658 902 ad
1687 878 1692 887 ·

467 916 810 1016 quornmlonitntn
826 914 990 994 cultores
1008 933 1117 994 rasa
1148 934 1370 996 curtrsrt
1396 917 1431 996 se
1458 941 1658 1022 congrega·

467 1018 575 1114 bant,
597 1016 689 1094 fitcra
706 1013 992 1114 religionis-suae
1017 1013 1247 1093 celebraturi.
1324 1020 1418 1096 Rem
1447 1016 1491 1094 ad
1519 1039 1659 1100 vtae·

417 1154 420 1159 ·
464 1137 575 1194 rtvnt
601 1112 834 1209 deserebant,
858 1114 987 1212 eique,
1012 1114 1226 1214 nescioquo
1243 1112 1374 1217 padio,
1389 1114 1660 1217 persuadebunt,

462 1215 653 1295 eiusmodi
669 1234 931 1313 campanarum
948 1215 1074 1292 ionum
1100 1212 1249 1293 inlausta
1268 1223 1418 1307 uuaeuis
1435 1238 1546 1316 atque
1561 1218 1662 1296 οιιιίἐ

466 1315 555 1392 noli
572 1311 636 1393 fibi
652 1314 884 1416 portendere.
933 1314 1104 1414 Princeps
1113 1313 1407 1416 benignamiplra
1420 1337 1660 1416 auremprae·
1682 1380 1685 1386 ,

465 1410 593 1508 bebat,
625 1434 663 1492 et
677 1410 876 1492 atsuorum
890 1409 1042 1493 salutem
1058 1432 1254 1506 tueretur,
1283 1432 1322 1492 et
1345 1437 1439 1512 quae
1464 1434 1661 1516 campanae

463 1511 761 1593 Christianorum
787 1509 869 1611 iplis
895 1510 1148 1606 minabantur,
1171 1510 1264 1589 mala
1285 1533 1570 1611 auerruncaret,
1599 1535 1660 1595 eat

399 1662 401 1667 -
465 1611 595 1715 pulbri
614 1611 819 1712 prohibuit.
894 1611 972 1688 Alia
988 1609 1204 1688 Christianis
1221 1610 1464 1691 incommoda
1484 1613 1659 1692 barbaros

455 1711 655 1808 circitelio,
678 1734 715 1787 et
733 1708 848 1809 ipsum
866 1732 1001 1787 eorum
1014 1706 1158 1787 cultum
1172 1709 1357 1790 delituere
1373 1732 1530 1792 conatos
1544 1711 1660 1813 inille,

464 1811 629 1914 prudens
647 1808 806 1910 quisque
817 1803 923 1890 facile
937 1807 1182 1908 suspicabitur.
1255 1812 1408 1891 Interim
1427 1809 1522 1894 lama
1545 1813 1658 1896 huius
1708 1858 1727 1874 ··

467 1915 522 1990 rei
536 1912 580 1990 ad
597 1928 883 1989 torrnnueru
904 1912 1015 1988 XXll.
1063 1912 1324 1990 Romanorum
1341 1912 1560 2014 episcopum
1576 1936 1662 2015 per·

465 2009 536 2088 lata
554 2032 641 2088 erat.
690 2025 1030 2088 ovrttanntva
1055 2029 1192 2088 nourr
1208 2010 1481 2088 Dominicunus
1496 2010 1664 2092 exl’erda

466 2109 706 2183 Aueniontnt
769 2112 957 2201 euenerat,
982 2129 1020 2184 et
1034 2108 1207 2185 Pontifici
1234 2109 1324 2186 haec
1339 2107 1530 2206 retulerat,
1550 2108 1662 2192 sedda

469 2221 649 2278 vsaarcr
687 2225 726 2276 re
741 2202 868 2297 igione
895 2225 932 2275 et
949 2201 1072 2276 alieno
1098 2226 1118 2277 a
1141 2202 1356 2283 Christianis
1379 2210 1508 2289 animo
1530 2231 1663 2311 parum

469 2297 609 2382 lincere
624 2319 713 2375 eum
728 2297 953 2375 inllroxerat.
1002 2298 1109 2400 Qtin
1125 2299 1253 2398 potius
1267 2312 1507 2384 vsaaitvru
1531 2311 1665 2389 'verita-

469 2401 518 2480 tis
535 2396 605 2476 elie
621 2397 796 2489 amicum,
813 2396 854 2472 ei
871 2393 1106 2496 persuaserat,
1128 2400 1303 2497 lpemquc
1319 2400 1505 2500 iniecerat,
1520 2400 1664 2501 fore,vt

469 2496 690 2604 propediem
706 2497 896 2575 veritatem
913 2494 1077 2576 diuinam
1093 2491 1376 2596 ampledieretur
1392 2524 1402 2576 ε
1432 2500 1493 2583 sed
1509 2504 1665 2586 tonum

469 2624 554 2683 cem
568 2594 671 2676 valde
688 2594 886 2697 deceptum
904 2591 1033 2692 niue,
1060 2595 1097 2674 id
1115 2595 1195 2693 eil,
1223 2597 1327 2695 quod
1353 2600 1475 2682 modo
1500 2603 1665 2687 olleudi·
1715 2608 1748 2674 ’ἰ

471 2721 568 2781 mua.
618 2714 858 2775 vsaertvnt
884 2696 1034 2793 quidem

470 2800 668 2915 spetiorem
685 2795 719 2876 se
737 2793 958 2897 praebuille,
992 2817 1029 2875 et
1045 2719 1083 2876 ff
1087 2794 1291 2879 dicendum
1306 2801 1410 2900 quod
1426 2825 1485 2883 res
1501 2806 1665 2905 eiimmi.

469 2900 595 2981 crtiam
610 2919 746 2978 eorum
764 2891 958 2993 rimulam,
972 2916 1029 2974 tot
1047 2894 1289 2978 clamantibus
1305 2902 1456 2981 tellibus
1472 2907 1666 3008 Romanis,

470 3022 551 3079 non
567 2996 782 3076 diffitemur.
825 3000 964 3076 Verum
1002 2996 1395 3097 roprioeumdudlum
1410 2999 1680 3089 essecommm

470 3098 544 3196 do,
565 3120 604 3176 et
621 3096 849 3176 Christianos
872 3096 914 3173 in
936 3018 1010 3192 first
1033 3116 1178 3175 rantum
1192 3116 1238 3175 ‘et
1260 3095 1471 3182 obedientia
1491 3109 1663 3206 retinere,

469 3197 621 3293 illisque.
636 3195 680 3271 ad
705 3190 940 3272 debellandm
959 3197 1156 3300 Saracenos
1178 3196 1443 3300 vertudense,
1466 3202 1664 3305 sagaciores

525 3292 628 3367 ostris
654 3311 780 3364 rerum
805 3289 1065 3367 acilumatores
1087 3288 1192 3377 facile
1219 3293 1329 3368 nobis
1357 3299 1430 3390 elie
1454 3297 1665 3402 largituros,

489 3404 671 3491 petamus.
713 3401 956 3462 vanattvru
974 3384 1096 3481 itaque
1107 3381 1283 3461 Pontifex
1302 3407 1342 3464 vt
1356 3391 1398 3465 in
1413 3385 1493 3468 snas
1507 3393 1669 3478 traheret

452 3508 614 3591 partes,
647 3482 782 3561 litterae
804 3479 863 3580 (l)
897 3481 943 3562 ad
969 3480 1087 3586 ipsum
1110 3501 1212 3561 anno
1244 3488 1538 3572 crncccxvrlt.
1560 3492 1669 3597 misit,

472 3577 1666 3781 nillil‘tlllllltllt‘lnlltllllll‘l‘illidii·

523 3782 615 3885 Hiss.
638 3780 732 3866 Eccl.
763 3785 870 3863 lara.
1211 3788 1246 3863 Ο
1355 3745 1368 3786 ’
1591 3800 1668 3881 ΕΟ.

514 4009 565 4091 (ι)
585 4018 700 4098 onor.
719 4018 917 4069 tornato
937 4000 1046 4071 Amal
1063 4004 1148 4073 Tont
1162 4002 1226 4076 XV.
1239 4024 1313 4077 arm.
1325 3983 1564 4103 praemagna,

518 4117 570 4209 li)
591 4111 679 4186 taem
691 4112 711 4182 l.
718 4134 743 4183 c.
752 4118 895 4207 bppcnd.
909 4115 949 4187 Ν.
957 4116 1023 4187 Lll.

1084 2696 1180 2774 ollea
1199 2696 1414 2779 Christianis
1429 2702 1664 2805 paulloman·
1786 2783 1789 2790 .
1826 2705 1850 2712 ”
