4859 5200
1029 640 1093 711 aa
1120 624 1230 725 >150
1257 621 1278 718 i
1303 633 1362 702 ³·
1403 714 1406 719 ,

602 767 650 839 lia
665 753 762 856 igitur
782 775 860 828 nota
877 774 934 826 tna
947 759 1050 846 gratis
1074 750 1237 849 affeliibus
1261 748 1514 851 camplellentes,
1540 751 1672 825 eundem
1698 774 1810 826 rno-

605 874 710 939 t'rnts
732 856 777 929 ai
788 857 906 955 flatum
926 859 1128 950 marcescimus
1144 853 1343 949 pastoralem,
1371 875 1477 923 curam
1503 861 1700 940 animarum,
1724 877 1810 950 quas

606 962 651 1035 ad
659 981 780 1056 gregem
796 955 884 1041 [unm
901 961 935 1024 in
952 950 1081 1024 ciuitate
1099 952 1299 1044 Seniscatcnſs
1314 949 1448 1047 ccelesiis
1456 958 1562 1047 pietas
1579 960 1644 1023 iam
1661 962 1809 1037 aaronis,

607 1063 666 1132 nel
687 1056 813 1129 meabit
837 1062 872 1124 in
891 1051 1064 1150 posterum,
1089 1051 1189 1123 eidem
1222 1073 1311 1127 aaa
1324 1075 1419 1124 mna
1469 1047 1600 1146 episcopo
1616 1048 1813 1121 aabiaritase

607 1157 768 1256 apostolica
788 1162 1023 1226 committentes.
1075 1152 1122 1222 Et
1139 1171 1180 1221 vt
1203 1152 1373 1234 catholicae
1382 1148 1462 1243 fidei
1476 1148 1574 1239 series
1600 1149 1659 1218 tibi
1679 1152 1812 1245 plenius

480 1246 482 1256 ¹
582 1278 583 1283 ’
607 1254 800 1349 innotescat,
823 1276 890 1323 eam
905 1252 966 1321 tibi
985 1254 1169 1321 annotatam
1180 1248 1394 1345 praesentibus
1410 1245 1616 1342 dubitamus,
1635 1250 1811 1344 quartalis

506 1354 508 1361 ’
609 1356 660 1455 est.
711 1356 759 1427 Et
777 1350 904 1451 quidem
930 1347 1239 1444 eredimussanllam
1256 1341 1452 1419 Trinitatem
1469 1350 1614 1436 Patrem,
1630 1368 1661 1416 et
1678 1349 1810 1438 Filium,

609 1478 642 1528 et
656 1458 811 1551 Spiritum
820 1446 967 1545 sarcinam
983 1469 1040 1519 tet.
1084 1448 1218 1545 Ideoque
1235 1445 1496 1540 magnificentiam
1511 1467 1600 1516 tuam
1621 1471 1765 1540 rogamus
1776 1470 1810 1517 et

558 1561 563 1573 ’
609 1560 772 1627 hortamur
795 1570 937 1637 attente,
961 1541 1123 1646 quatenus
1133 1545 1246 1639 sedum
1276 1545 1481 1616 meditatione
1504 1553 1694 1639 recogitans,
1722 1545 1814 1643 quod

604 1652 739 1748 fingitis
765 1649 805 1747 eft
821 1670 853 1721 et
877 1648 993 1721 cadum
1012 1648 1168 1717 humanae
1188 1667 1338 1735 naturae·
1355 1642 1513 1730 condicio,
1533 1647 1628 1741 plena
1637 1647 1811 1741 perieulis,

610 1751 745 1847 expaſsta
772 1749 907 1843 sufibus,
930 1746 1082 1842 inflatilis
1096 1744 1201 1842 fiacus
1227 1748 1315 1834 einsft
1341 1740 1535 1836 confiderent
1557 1752 1670 1833 etiam,
1687 1745 1813 1842 quoda

612 1855 678 1945 lege
695 1856 826 1935 martis,
848 1845 1020 1916 mordentis
1036 1853 1157 1932 omnia,
1184 1846 1288 1914 nnluc'
1305 1841 1505 1932 excluditur,
1527 1863 1690 1940 promptus
1714 1843 1812 1940 affur-

610 1975 688 2044 gas,
698 1943 816 2042 praello
836 1964 867 2013 te
881 1939 1014 2041 efferas,
1035 1962 1170 2036 paratus
1185 1941 1313 2013 accedas
1342 1941 1388 2013 ad
1410 1950 1598 2035 agnitionem
1618 1942 1813 2040 Christianae

612 2047 711 2140 fidei,
728 2066 759 2135 et
767 2041 998 2139 suscipiendum
1013 2042 1211 2138 baptismatis
1232 2039 1528 2134 sacramentnmad
1555 2042 1679 2114 laudem
1703 2043 1812 2116 diuini

613 2152 772 2232 nominis,
795 2141 995 2234 tuaesalutis
1008 2138 1201 2237 profei'lum,
1223 2161 1255 2209 et
1284 2140 1482 2234 augmentum
1500 2138 1582 2236 fidei
1598 2141 1815 2238 supradiliae,

544 2258 557 2279 ‘
616 2267 659 2318 vt
673 2241 837 2336 lutissuae
864 2240 953 2314 radia
976 2239 1165 2337 illustratus,
1192 2261 1224 2310 te
1242 2239 1380 2334 solerter
1404 2266 1547 2313 exerceas
1571 2241 1616 2314 ad
1639 2251 1706 2314 eius
1728 2243 1816 2340 fissae

617 2343 823 2417 landabiliter
840 2339 1053 2438 ampliandas,
1077 2361 1119 2412 nt
1127 2339 1194 2438 pafl
1211 2346 1302 2412 vitae
1311 2339 1485 2437 praesentis
1508 2343 1669 2435 excursum
1684 2370 1704 2414 a
1717 2367 1814 2442 parta

618 2442 720 2536 inferi
733 2441 895 2531 liberrris,
917 2462 950 2511 et
967 2450 1035 2512 eins
1051 2439 1133 2512 diris
1143 2443 1343 2532 cruciatibus,
1363 2450 1531 2539 poenisque
1541 2443 1728 2542 graniffimis
1746 2455 1815 2517 eni·

619 2550 719 2631 tatis,
744 2561 889 2615 aeternae
907 2541 1114 2614 beatitudinis
1125 2552 1265 2640 praemia
1278 2552 1437 2639 perpetuis
1452 2541 1609 2613 duratura
1626 2547 1814 2642 temporibus

620 2640 706 2735 conse
728 2650 826 2717 naris.
878 2641 937 2714 Ad
950 2647 1023 2714 baec
1047 2645 1166 2714 multae
1189 2643 1397 2736 benignitatis·
1416 2638 1580 2740 effebium,
1605 2670 1716 2741 quem,
1731 2647 1817 2741 ficut

614 2668 853 2840 praedictiones,
879 2745 1007 2813 Latinis
1033 2742 1236 2831 Chrillianis,
1262 2741 1454 2837 inpartibus
1477 2744 1540 2813 ibis
1562 2746 1760 2816 morantibus
1786 2771 1820 2820 et

622 2843 693 2911 illuc
717 2839 953 2923 accedentibus,
971 2840 1201 2926 fauorabiliter
1226 2840 1372 2925 exbibet,
1406 2840 1555 2912 arboribus
1575 2853 1693 2937 gratiis
1710 2850 1820 2942 prose·

621 2955 754 3036 quantes
770 2940 928 3029 petimus,
960 2953 1002 3004 at
1025 2930 1172 3031 offanum
1195 2935 1376 3007 huiusmodi
1398 2946 1455 3009 tna
1482 2941 1632 3014 nobilitas
1656 2955 1820 3019 carotinu'et

532 3063 542 3070 ··
622 3041 704 3105 cirea
728 3033 795 3103 ibas
818 3052 850 3103 et
865 3053 1001 3103 caeteras
1033 3034 1132 3123 aliar,
1155 3042 1213 3131 qui
1232 3034 1297 3127 fide
1332 3035 1447 3108 imbuti
1479 3039 1608 3130 luerint
1629 3047 1816 3122 orthodoxa.

624 3130 955 3225 Caeteruminjlanter
969 3157 1131 3224 rogamus,
1147 3154 1188 3203 at
1204 3134 1336 3204 merdam
1355 3162 1380 3209 τ
1390 3160 1444 3208 tto
1454 3165 1484 3219 n
1495 3165 1516 3211 A
1527 3166 1556 3213 M
1580 3121 1764 3242 episcobum,
1788 3170 1820 3220 er

622 3258 727 3306 amoses
744 3233 911 3301 catholicas
928 3232 1099 3327 antistites,
1126 3242 1161 3301 in
1177 3232 1276 3303 detta
1286 3235 1433 3330 partibus
1448 3263 1688 3334 commorantes,
1713 3257 1819 3345 etqui

622 3333 694 3404 ibus
723 3328 869 3402 merdant
897 3338 933 3399 in
951 3330 1125 3426 posterum
1149 3357 1204 3402 nec
1229 3357 1291 3403 non
1308 3334 1474 3429 praefatas
1507 3339 1762 3416 Praedicararum
1787 3368 1820 3418 et

624 3433 791 3503 Minaeum
809 3428 955 3501 ordinum
971 3429 1152 3524 professores
1167 3431 1212 3501 ad
1226 3430 1331 3503 ditias
1342 3452 1522 3527 partecnon
1537 3442 1673 3514 alieuius
1689 3471 1822 3519 camma·

622 3530 660 3603 di
687 3525 867 3624 temporalis
896 3528 1044 3615 obtentu,
1069 3527 1137 3621 sed
1145 3529 1251 3620 salum
1272 3551 1330 3625 pra
1347 3534 1729 3624 lncrffaeiendisDomina
1747 3557 1821 3619 ani·

625 3632 734 3700 mabus'
748 3653 810 3699 nan
828 3628 944 3723 absque
956 3627 1110 3718 grauibus
1128 3628 1285 3698 laboribus
1299 3651 1330 3698 et
1342 3635 1491 3724 periculis
1506 3639 1703 3734 accedentes,
1731 3648 1822 3720 beni.

620 3751 682 3824 gne
697 3725 892 3820 pertrabies,
910 3722 1046 3796 irssrsrade
1063 3732 1209 3819 recipias,
1223 3727 1473 3822 praedicationes
1491 3737 1627 3832 ipsarum
1651 3769 1727 3815 anre
1751 3774 1822 3819 eor.

618 3825 677 3896 'dis
693 3824 854 3917 efficaciter
869 3825 1002 3911 audias,
1019 3821 1158 3919 ipsasque
1167 3845 1226 3920 per
1240 3846 1312 3897 tuas
1324 3827 1468 3919 subditos
1479 3837 1625 3924 fimilieer
1632 3842 1742 3934 facias
1765 3848 1822 3918 be.

565 3931 570 3941 '
623 3932 716 4017 migne
719 3919 836 4015 suscipi
854 3945 885 3993 et
902 3921 1055 4008 trallari3
1080 3944 1120 3991 vt
1135 3924 1285 3997 bonorum
1311 3939 1450 4002 amnium
1467 3938 1665 4012 ,Retributar
1685 3968 1823 4020 mentem

624 4045 713 4102 mam
729 4029 868 4118 aperiet,
894 4043 926 4098 te
942 4017 1142 4110 beneplacitis
1151 4022 1224 4118 suis
1240 4045 1379 4135 coaptet,
1403 4052 1536 4135 tuasque
1559 4039 1680 4114 labores
1701 4053 1824 4119 ineius

1739 4147 1840 4246 aa.
