4859 5200
1431 602 1493 676 i·
1856 650 1867 665 .

743 737 798 813 alie
808 712 831 823 ,’
844 749 876 805 ee
888 726 1069 802 carbunculi
1083 592 1375 805 tnesnzlsll.
1390 594 1566 804 (Maiores
1577 750 1690 832 partae
1700 736 1822 832 palatii
1832 732 1955 827 desar-
1979 724 1989 737 ’

713 842 717 855 ’
746 835 842 911 dania
856 839 1020 903 immixtae
1037 849 1186 902 contexta
1203 855 1274 902 cum
1288 857 1384 903 carnae
1401 831 1545 923 cerastes,
1585 860 1626 905 ne
1659 836 1779 933 aliquis
1805 839 1954 909 latenter
1978 842 1983 850 '

746 956 818 1009 enm
834 954 954 1005 venena
966 927 1054 1031 pafflt
1069 938 1192 1001 intrare
1200 959 1213 1009 ;
1230 954 1350 1004 ceterae
1365 958 1405 1004 ert
1419 933 1543 1006 hebetia.
1576 932 1733 1032 Feneflrae
1748 935 1789 1006 de
1803 934 1958 1034 cryslala‘.

714 1082 720 1097 .
748 1030 899 1125 Mensae,
914 1031 972 1102 ubi
987 1038 1074 1103 suria
1088 1030 1191 1127 naslra
1205 1032 1356 1122 comedia,
1372 1035 1455 1105 aliae
1470 1059 1510 1104 ex
1524 1059 1622 1125 aura,
1646 1038 1730 1107 aliae
1754 1062 1795 1111 aar
1811 1038 1956 1134 amaaby-

743 1134 814 1235 sles
828 1134 988 1206 calumnas
1003 1155 1084 1229 quae
1091 1130 1249 1227 sustineret
1263 1132 1383 1229 mensas
1401 1157 1442 1204 ea·
1458 1134 1556 1208 ebare.
1602 1137 1691 1207 Ante
1710 1138 1869 1234 palatium
1894 1161 1959 1206 na·

655 1300 658 1307 .
744 1235 847 1334 fierem
865 1232 1028 1329 eslplatea
1043 1229 1218 1328 quaedam,
1252 1239 1287 1302 in
1306 1258 1369 1331 qua
1383 1231 1457 1325 sala
1471 1233 1573 1331 nestra
1589 1233 1864 1335 iustitiaspeflare
1883 1259 1960 1308 caea·

739 1331 855 1432 ,saeuit
869 1350 1043 1430 pugnantes
1059 1339 1094 1399 in
1110 1329 1209 1400 duela
1224 1351 1295 1423 ses„
1313 1335 1461 1423 Cameria,
1482 1342 1518 1406 ira
1533 1361 1597 1435 qua
1621 1335 1787 1435 requiescit
1802 1336 1961 1428 sasblimi·

752 1430 804 1506 tas
821 1431 942 1530 nessa,
965 1429 1104 1502 mirabili
1119 1450 1206 1526 opere
1232 1456 1310 1503 aura
1334 1454 1365 1503 et
1381 1456 1510 1529 argenta
1535 1456 1568 1506 et
1582 1444 1668 1509 amni
1682 1461 1795 1530 genere
1812 1426 1962 1532 lapidum

753 1532 925 1632 eflarnata
941 1551 998 1603 cet·
1027 1528 1196 1621 balsamum
1203 1529 1328 1628 semper
1350 1541 1386 1605 ist
1412 1535 1523 1607 eadem
1539 1554 1664 1608 ¹camera
1687 1535 1789 1607 aries.
1840 1532 1961 1607 Lellus

754 1630 854 1729 msler
869 1656 909 1701 ex
919 1628 1072 1728 sapphyra
1090 1627 1130 1723 esl
1148 1650 1207 1702 cet.
1235 1633 1383 1704 mulieres
1389 1633 1611 1737 speciosfflmaa
1630 1633 1798 1717 habemuse
1813 1633 1878 1725 sed
1894 1654 1960 1703 nan

756 1728 909 1806 accedunt
922 1730 967 1824 ael
983 1753 1059 1810 nas,
1078 1728 1138 1820 nis
1153 1727 1251 1825 cansa
1262 1735 1529 1831 procreandorum
1543 1732 1690 1828 filiarum
1718 1753 1831 1833 quater
1846 1738 1880 1798 in
1898 1753 1957 1797 an·

724 1898 726 1903 .
756 1826 1635 1927 nonensenobssnnttnssese‚vsnarseum
1659 1857 1680 1901 a
1707 1849 1877 1907 nnvtn,
1904 1847 1954 1892 re·

728 1938 730 1947 '
758 1928 860 2007 deant
879 1953 1019 2027 quaeque
1034 1939 1068 1999 in
1079 1928 1185 1999 'lacum
1193 1930 1300 2023 suum.
1351 1932 1457 2003 Semel
1466 1938 1503 1999 in
1516 1927 1568 2021 die
1589 1924 1723 1997 comedit
1739 1934 1827 1997 curia
1840 1920 1955 2020 naslra.

759 2033 799 2105 ln
807 2028 910 2124 mensa
925 2027 1026 2126 naslra
1042 2038 1128 2103 amni
1142 2030 1196 2101 elie
1210 2036 1344 2122 triginta
1353 2028 1449 2115 millia
1463 2026 1628 2098 baminum'
1635 2045 1761 2123 praeter
1779 2024 1961 2119 ingredien-

761 2152 810 2203 tes
824 2152 856 2201 et
880 2151 1048 2220 exeuntes,
1074 2152 1106 2202 et
1120 2133 1155 2203 bi
1169 2152 1272 2223 amnes
1299 2133 1454 2224 accipiunt
1467 2127 1605 2224 sagulis
1622 2126 1733 2199 diebus
1759 2123 1905 2222 expensas
1923 2119 1965 2190 de

762 2244 884 2303 camera
900 2230 1021 2327 naslra„
1041 2253 1107 2302 tam
1126 2239 1162 2302 in
1177 2235 1402 2328 equisffiquam
1420 2236 1455 2298 in
1468 2226 1604 2325 expenfis
1619 2229 1694 2298 aliis
1712 2248 1770 2299 aet.
1823 2219 1969 2318 Singulis

763 2330 914 2426 mensibus
921 2331 1073 2424 seruiunt
1090 2329 1180 2403 nabis
1196 2356 1280 2425 reges
1289 2336 1427 2426 septem,
1444 2337 1666 2428 enusquisque
1690 2328 1812 2398 ilatum
1829 2332 1863 2393 iu
1879 2320 1969 2391 areli·

763 2456 804 2507 tte
810 2429 890 2529 suu,
906 2430 1000 2505 duces
1008 2432 1178 2528 sexaginta
1195 2440 1346 2527 quinque,
1364 2438 1489 2502 camisas
1503 2449 1677 2497 tercentum
1689 2425 1854 2517 sexaginta
1873 2426 1987 2518 quin·'

744 2565 746 2569 ’
763 2540 888 2635 quens
904 2531 1006 2626 mensa
1020 2531 1133 2627 nestra,
1150 2536 1287 2621 exceptis
1303 2529 1381 2608 ilis,
1392 2523 1587 2621 quidiuerfis
1602 2522 1710 2616 affieiis
1722 2523 1868 2619 deputati
1875 2520 1971 2615 sunt.

763 2637 900 2706 Iniuria
916 2631 1016 2727 uaslra
1026 2624 1190 2700 comedunt
1199 2631 1284 2693 amni
1292 2622 1346 2693 alie
1354 2634 1446 2692 iuxta
1454 2624 1541 2690 larus
1549 2621 1685 2717 nastrum
1694 2632 1729 2692 in
1739 2626 1872 2693 dextera
1876 2643 1973 2719 parte

659 2734 665 2744 '
765 2719 1976 2825 Arsbiepsssapiduodecim‚infiuistraEprscspiviginti,praeterPatriarcham

757 2824 1381 2920 fhnflirnomnt‚etPtatapapatem
1392 2822 1975 2920 Salmagantiraum,etArcbspratapas·

762 2941 869 3023 parem
890 2920 930 2992 ela
947 2917 1116 3013 Sufis,uli
1128 2921 1261 2988 siranus
1279 2937 1310 2987 et
1322 2916 1435 3009 sslium
1449 2922 1570 3013 gloriae
1585 2921 1705 3018 naslrae
1720 2924 1852 3017 reficiet,
1871 2944 1903 2994 et
1914 2942 1976 3019 pa·

768 3019 1071 3119 latiumimperiale‚
1089 3041 1222 3119 quarum
1248 3029 1468 3119 unusquisque
1484 3020 1621 3116 sagulis
1644 3024 1797 3117 menfibus
1814 3031 1976 3121 pervices
1997 3019 2001 3027 ’

761 3122 843 3221 suas
861 3147 880 3194 a
898 3124 998 3208 nesse
1014 3118 1113 3217 nossra
1127 3121 1299 3218 numquam
1317 3119 1492 3213 discedunt.
1527 3123 1667 3194 Abiates
1684 3147 1790 3195 autem
1802 3122 1977 3216 secundum

772 3247 938 3304 numerum
955 3220 1078 3294 dietum
1094 3227 1172 3291 anni
1196 3221 1344 3309 seruiunt
1361 3220 1450 3291 nabis
1467 3229 1501 3292 in
1519 3225 1629 3319 eapela
1648 3223 1770 3322 trustra,
1789 3246 1821 3296 et
1838 3223 1976 3318 finguls‘t

773 3324 926 3421 mansius
947 3323 1081 3395 redeunt
1092 3318 1145 3422 ¹ael
1153 3330 1302 3418 proptia,
1333 3342 1364 3392 et
1387 3324 1447 3393 alii
1464 3322 1596 3394 totidem
1603 3325 1740 3420 sngulis
1757 3326 1908 3420 mansius
1931 3320 1977 3392 ad

775 3428 860 3503 idem
874 3424 1004 3526 offitium
1029 3424 1158 3519 capellae
1185 3444 1402 3495 reuertuntur.
1439 3424 1561 3517 Quare
1584 3424 1724 3520 dignitas
1741 3426 1862 3522 nostra,
1880 3442 1982 3523 quum·

779 3529 1017 3627 Presbyteratus
1029 3531 1154 3594 numine
1161 3522 1199 3613 se
1218 3531 1394 3619 nuncupari
1405 3531 1587 3616 permistis,
1611 3549 1673 3595 nan
1690 3527 1782 3597 delet
1802 3524 1979 3628 prudentia
2044 3519 2055 3532 ⁴

779 3650 838 3698 tua
855 3628 1010 3700 admirari
1027 3647 1040 3690 .·
1058 3623 1267 3720 plureseuim
1280 3631 1314 3690 ira
1341 3632 1430 3705 auria
1442 3619 1563 3716 ,maslra
1584 3624 1801 3720 ministeriales
1832 3623 1980 3697 babemus

782 3749 850 3795 sum
865 3726 1203 3816 dignitate,'uamirae‚
1221 3740 1253 3788 er
1270 3717 1366 3814 espicio
1388 3742 1545 3816 quantum
1568 3724 1614 3795 al
1629 3727 1853 3824 esclefiafiicam
1875 3728 1983 3821 digni·

782 3842 880 3893 tarem
889 3821 1030 3914 speilat,
1050 3842 1081 3892 es
1104 3827 1200 3891 etiam
1218 3828 1332 3889 maiori
1350 3819 1522 3890 indiuisus
1537 3822 1662 3919 officim,
1680 3853 1775 3927 quam
1791 3854 1866 3917 reas,
1889 3837 1993 3926 prat-⁴

783 3921 847 3997 diti
857 3918 947 4012 suat.
986 3918 1129 4015 Dape'ser
1146 3925 1228 3991 etaim
1244 3915 1345 4013 master
1362 3921 1486 3991 Primae
1510 3945 1542 3991 er
1556 3928 1631 3995 Rex
1648 3927 1687 4022 esi
1717 3943 1723 3950 ·
1745 3931 1900 4003 Pinnem
1919 3931 1987 4000 Ar.

782 4017 988 4126 ghiepsscapus
1003 4041 1035 4088 et
1051 4020 1133 4096 Rer'e.
1168 4022 1367 4096 Camerarius
1382 4019 1482 4117 neser
1498 4022 1667 4123 Episcopus
1681 4046 1717 4100 et
1739 4032 1822 4104 Rex.
1873 4034 1990 4103 Mare·

1882 4132 1993 4227 subala
