4859 5200
986 633 1366 735 westsere·
1718 744 1721 751 ,
1828 748 1843 755 ,-

577 756 580 761 ’
610 770 694 836 tiun‘s
706 778 764 859 pto
780 758 883 841 eodem
900 763 1149 861 Domino=·noftro
1186 790 1292 841 nutv
1324 780 1546 851 numero,
1570 786 1604 833 eo
1623 757 1827 857 disponente,

609 870 749 958 gerimus
755 859 852 958 super
868 883 1002 950 terram,
1025 885 1133 953 tuam,
1157 886 1190 934 et
1205 866 1299 962 ipstus
1319 867 1419 956 Regni
1435 861 1576 954 salutem
1606 862 1752 932 zelantes
1780 869 1821 930 iso

613 965 773 1053 Domino,
798 970 900 1059 quite
917 987 1081 1061 omnesque
1105 962 1185 1035 alios
1203 985 1296 1035 extra
1320 961 1531 1049 catholicam,
1559 981 1592 1030 et
1608 958 1822 1057 Apostolieom

526 1104 533 1121 ι
613 1060 780 1154 Ecclestaon
794 1060 976 1157 existentes,
1002 1071 1085 1134 etin
1103 1063 1239 1135 tenebris
1267 1061 1484 1159 ambulantes,
1508 1057 1554 1129 ad
1579 1057 1827 1150 tonuerfiontm,'

605 1157 761 1257 suamque
777 1185 885 1232 veram
901 1163 999 1233 lucem
1016 1160 1179 1258 expellat,
1205 1162 1250 1232 ad
1266 1182 1297 1232 te
1310 1158 1494 1256 diilumque
1510 1161 1653 1251 Regnum
1668 1158 1822 1254 aliasque
1905 1226 1912 1237 x

512 1306 519 1321 ι
612 1259 839 1355 circumpofitas
863 1269 1000 1354 regiones
1026 1282 1059 1331 et
1077 1281 1188 1357 partes
1211 1261 1257 1333 ad
1271 1257 1519 1357 praedicandum
1535 1257 1595 1348 tili
1610 1258 1822 1350 tegentibus

613 1382 721 1429 earum
738 1359 869 1430 verium
885 1363 1105 1451 Dominicum‚
1130 1381 1225 1459 teque
1240 1379 1393 1454 tegentes
1415 1355 1497 1452 ipsos
1509 1356 1564 1457 'ad
1579 1359 1684 1427 Deum
1699 1355 1822 1449 suante¹

613 1455 785 1555 que'fidem
800 1457 1004 1550 ortlodoxam
1010 1459 1188 1557 salubriter
1198 1481 1257 1557 per
1277 1458 1369 1552 ipius
1383 1454 1576 1547 'iussionem
1588 1462 1712 1549 gratim
1741 1479 1822 1527 Μ·

614 1557 825 1648 vertendum,
848 1559 1058 1630 venerabilem
1072 1559 1215 1652 fratrem
1240 1558 1373 1652 nostrum
1407 1577 1661 1630 Nocetnvtn
1698 1557 1824 1627 Archi·
1923 1566 1927 1572 “

616 1655 783 1753 epifeopum
807 1658 1063 1748 Camlalitnsem,
1091 1658 1224 1732 Ordinis
1245 1653 1405 1729 Fratrum
1420 1656 1588 1735 Minerum
1608 1651 1825 1750 propellerent,

511 1792 515 1801 ,
570 1749 573 1777 ¹
615 1763 725 1824 uirum
740 1757 866 1852 quidem
882 1768 916 1828 in
933 1757 1020 1828 detta
1029 1757 1098 1851 fide
1114 1756 1303 1850 feruidum,
1328 1753 1495 1826 deuotione
1526 1753 1699 1846 deserum,
1723 1758 1826 1849 plene

615 1851 752 1945 insasra
765 1861 882 1947 pagina
899 1855 1080 1950 eruditum,
1106 1867 1141 1929 in
1162 1855 1398 1953 praedieatione
1422 1851 1515 1949 ipsius
1538 1856 1698 1923 Dominiei
1726 1855 1827 1924 verbi

615 1971 797 2048 expertum,
814 1974 847 2023 et
863 1956 945 2024 alias
956 1974 1116 2050 potentem
1134 1962 1169 2024 in
1185 1974 1275 2051 opere
1290 1973 1321 2023 et
1329 1950 1488 2044 sermone,
1507 1949 1664 2049 famaque
1676 1955 1823 2046 praeclu-

614 2066 687 2124 ium
705 2051 951 2147 cnmsufficienti
968 2075 1001 2124 et
1015 2052 1138 2149 honesta
1154 2062 1304 2125 comitiua
1325 2048 1411 2132 ,ierit
1430 2051 1581 2140 Ordinis,
1608 2054 1711 2121 Deum
1739 2051 1825 2123 dili·

612 2157 774 2246 gentium,
799 2174 831 2223 et
846 2144 1244 2250 timentium‚'suffieienter
1259 2144 1396 2245 istseosra
1414 2158 1531 2246 pagina
1556 2152 1761 2240 litterarum,
1788 2172 1825 2224 tt

499 2318 501 2323 .
615 2247 652 2322 in
674 2249 799 2323 diuinit
821 2251 970 2325 laudibus
993 2276 1213 2350 expertorumr
1245 2276 1337 2352 quem
1363 2247 1490 2348 quidem
1524 2249 1727 2327 furem
1740 2262 1823 2342 not,

619 2351 656 2421 ob
663 2347 796 2442 suorum
820 2359 1009 2447 exigentiam
1026 2352 1247 2427 -la'ndabilium
1268 2359 1472 2441 meritorum,
1494 2348 1539 2423 ad
1564 2348 1824 2447 Aethiopiscopa·

614 2470 685 2521 tum
701 2451 891 2526 Camlalien.
914 2453 954 2525 de
970 2456 1117 2526 fratrum
1134 2448 1306 2550 mssrorum
1324 2448 1459 2523 Sant‘lae
1482 2454 1641 2527 Romanae
1664 2450 1825 2543 Ecclestae

614 2549 835 2623 cardinalium
853 2553 973 2649 confilio
985 2562 1219 2652 promonemus,
1248 2559 1365 2651 quique
1389 2550 1435 2623 ad
1448 2550 1613 2641 Ecclesiam
1638 2558 1736 2621 etiam
1754 2549 1820 2648 su·

544 2713 550 2720 ,
613 2674 666 2723 um
683 2651 924 2746 Camlaliensem
939 2656 1074 2745 accedit,
1087 2653 1265 2748 salubriter
1286 2648 1487 2749 prouidimuo
1508 2648 1748 2747 destinandum,
1776 2672 1820 2723 ‘ot

614 2750 675 2820 tibi
690 2772 722 2820 et
738 2750 854 2822 eisdem
864 2755 1014 2844 gentibus
1030 2754 1285 2850 Archiepiscopus
1303 2772 1335 2821 et
1349 2753 1477 2821 fratres
1498 2749 1656 2846 praedii‘li
1665 2746 1818 2847 ”euangess

612 2848 718 2916 liuore
728 2845 878 2936 fietagant
902 2851 1012 2938 Legem
1049 2872 1255 2922 onerent.
1307 2850 1483 2943 Eapropter
1495 2848 1745 2943 magnitudinem
1761 2872 1817 2923 tu·

471 3023 473 3030 ¹
613 2966 667 3014 am
684 2962 805 3013 attente
825 2967 969 3037 rogamus
986 2965 1018 3015 et
1036 2948 1201 3018 hortamur
1218 2956 1253 3018 in
1269 2950 1404 3018 Domino
1420 2951 1486 3018 Deo
1502 2948 1622 3046 respiro,
1643 2971 1817 3048 perquem

510 3091 514 3098 -
613 3050 704 3114 uiuis
718 3063 750 3113 et
767 3040 1072 3142 regnat‚'quatenus
1083 3066 1141 3142 pro
1159 3051 1227 3118 eius
1242 3054 1429 3119 'reuerentia
1455 3069 1486 3119 et
1500 3052 1630 3139 honoreg
1648 3057 1704 3148 qui
1721 3074 1755 3121 te
1770 3051 1818 3124 ad

614 3150 781 3236 imaginem
793 3143 883 3233 sesam
901 3153 1046 3228 creauit,
1072 3167 1104 3215 et
1115 3154 1280 3242 permittit
1297 3147 1503 3219 multitudini
1515 3158 1658 3242 gentium
1675 3158 1813 3247 impera·

612 3268 665 3332 re,
680 3262 711 3312 et
728 3240 773 3313 ad
785 3251 877 3314 euius
894 3245 1057 3342 imperileon
1065 3244 1210 3339 soluitur
1226 3253 1326 3316 omnis
1345 3271 1435 3334 saro,
1457 3246 1621 3343 praefatos
1643 3252 1813 3349 Arclsiepi·

603 3340 732 3440 scopum
749 3363 781 3413 et
801 3345 928 3416 Fratres
945 3370 1014 3416 euos
1030 3344 1075 3418 ael
1097 3366 1128 3417 te
1156 3346 1301 3446 idemque
1325 3372 1452 3441 regnum
1473 3360 1695 3445 perrenesius,
1711 3353 1816 3425 vultu

603 3440 719 3537 sereno
730 3451 882 3542 recepiret,
911 3465 946 3544 et
958 3471 977 3515 a
990 3444 1129 3536 luldit'is
1144 3456 1212 3519 tuit
1229 3455 1324 3545 recipi
1333 3446 1463 3544 facias,
1478 3470 1508 3518 et
1525 3450 1659 3544 iubeas„
1677 3449 1814 3548 benigno

542 3615 544 3620 ,
610 3537 727 3639 offella
740 3541 934 3639 pertsalles‚
959 3564 991 3613 et
1005 3546 1044 3614 ab
1059 3546 1239 3639 illisfaeias
1251 3544 1463 3642 pertrallare',
1482 3570 1514 3619 et
1539 3570 1605 3621 tam
1627 3576 1696 3641 eos,
1714 3578 1814 3650 quam

610 3642 691 3739 alios
714 3640 904 3738 Christianos
926 3639 1107 3738 indigenas,
1133 3653 1168 3715 in
1185 3644 1350 3743 proediilo
1372 3671 1463 3741 regno
1488 3673 1646 3722 onerantes
1664 3651 1710 3722 ad
1733 3679 1815 3726 ean·

392 3833 395 3842 ¹
609 3737 682 3816 den
689 3740 789 3831 fidem
807 3741 1012 3836 Christianam
1027 3744 1205 3843 consuessem,
1220 3765 1262 3837 et
1276 3754 1472 3842 propitiante
1497 3751 1653 3844 Domino,
1676 3776 1813 3825 contuer-

494 3861 497 3880 ·
610 3838 743 3925 tendor,
771 3864 839 3908 cosm
865 3843 1261 3916 hinnienteastsfdoiceiiee
1284 3846 1428 3942 affluente
1449 3851 1562 3919 habeas
1577 3851 1838 3945 feumnlilitee.

609 3934 857 4027 commendatos,
879 3943 950 4035 ipfis
966 3937 1217 4040 Asehiepiseopo,
1246 3968 1277 4017 et
1295 3949 1460 4020 Fratribus
1476 3958 1509 4019 in
1527 3953 1609 4040 illis,
1627 3977 1709 4049 quae
1726 3963 1816 4029 eirea

423 4088 425 4092 -
600 4036 912 4137 suscipiendampts
938 4043 1035 4116 tede
1076 4044 1264 4142 beneplacito
1298 4042 1390 4145 ipfiut
1414 4049 1546 4120 Domini
1576 4053 1674 4149 nejiri
1706 4078 1817 4133 nutv

1673 4175 1817 4233 ceno
