4859 5200
1323 640 1336 698 1
1458 632 1514 699 o·

758 788 831 840 511
850 781 882 832 tt
897 755 1077 857 beatifflmoe
1094 622 1303 826 mitriorqbiub
1318 623 1445 849 libibl'obt
1462 750 1622 830 audierim
1653 755 1712 826 uel
1729 750 1960 848 ecl-Ecclesiam

758 888 848 935 cauo
869 862 982 930 orandi
1011 879 1042 927 te
1058 853 1171 928 deuote
1198 854 1388 943 contuleris,
1414 861 1534 947 viginti
1556 851 1624 925 dies
1649 853 1689 926 de
1712 852 1866 926 iniunilis
1896 855 1960 923 tibi

753 966 958 1060 poenitentiis
973 953 1213 1048 misericorditer
1228 956 1418 1029 relaxemus.
1442 954 1539 1031 Nulli
1556 976 1637 1047 ergo,
1645 957 1828 1028 eet.Datum
1846 954 1956 1026 Auin.

717 1081 726 1087 ·
760 1065 801 1134 11.
812 1060 1038 1147 Kol.·Murtii,
1057 1079 1139 1128 anno
1156 1053 1213 1130 Vl.
1310 1145 1313 1152 Ι
1593 1084 1596 1091 ·

1199 1216 1289 1360 tc.
1333 1264 1505 1361 txnt.
1595 1280 1598 1286 ·

743 1432 816 1516 'Ex
834 1410 1279 1539 onoRssththttLDo
1313 1392 1971 1535 Tom.XV.ccnn'.1523.n.2.p.249.fi

768 1556 772 1564 ’
859 1557 1116 1646 Magnifico-oiro
1139 1575 1277 1632 vionti,
1301 1556 1482 1643 imperatori
1498 1557 1709 1623 'l‘artarorum
1723 1557 1970 1634 iliussri,diuinee

868 1657 871 1663 '
927 1645 1126 1797 irtspirqtiofnip
1138 1645 1275 1797 rgoritiam
1288 1643 1319 1710 in
1333 1641 1494 1730 praesenti,
1508 1660 1539 1710 et
1559 1641 1713 1711 fruitionis
1735 1659 1875 1712 aeternae
1890 1646 1965 1732 gio-

929 1754 1008 1800 riam
1024 1755 1055 1798 tn
1085 1753 1136 1796 uu
1177 1783 1184 1798 .

761 1850 983 2022 Laetanter
1000 1866 1201 1952 audiuimus,
1219 1863 1306 1962 quod
1317 1886 1366 1954 tu,
1392 1889 1455 1937 non
1471 1864 1587 1960 absque
1605 1865 1737 1961 speciali
1754 1876 1889 1938 motione
1913 1866 1968 1941 di·

773 2040 775 2044 .
856 1978 954 2057 nint,
978 1977 1044 2041 cet.
1054 1978 1092 2037 vt
1107 1960 1211 2058 supra
1235 1965 1283 2036 N.
1295 1965 1363 2042 [ΙΙ.
1374 1985 1488 2060 vsque
1514 1961 1559 2036 ad
1589 1962 1718 2041 verba:
1746 1988 1778 2036 et
1804 1968 1968 2041 concedas.
2045 1968 2050 1973 ’

764 2077 901 2146 Dentrem
919 2076 994 2166 qnia
1012 2074 1046 2137 in
1065 2063 1308 2158 Cbrtllionorum
1335 2064 1500 2158 angustiis,
1516 2064 1776 2136 tribulationibus
1798 2086 1828 2136 et
1849 2065 1969 2163 preffu·

766 2182 814 2246 nis
830 2195 894 2245 non
909 2164 1062 2266 poffumut
1080 2173 1176 2234 onxie
1193 2188 1256 2234 uon
1274 2173 1433 2261 torqueri,
1449 2163 1592 2234 dolenter
1610 2165 1812 2257 audiuimus,
1837 2170 1969 2264 Christi·

766 2297 842 2344 onot
859 2279 895 2340 in
913 2275 1044 2339 ciuitate
1060 2263 1191 2363 Soldoye
1207 2271 1332 2333 nouiter
1356 2262 1518 2356 degentes,
1545 2260 1598 2358 effe
1613 2275 1739 2336 nouiter
1766 2267 1807 2336 de
1830 2275 1969 2340 ciuitate

707 2360 712 2382 ¹
766 2369 904 2467 ipsoper
921 2369 1091 2439 Saracenos
1107 2362 1240 2453 eiellos,
1264 2384 1296 2433 et
1310 2371 1467 2459 componis
1491 2363 1531 2434 de
1547 2365 1690 2458 Ecclefiis
1714 2364 1846 2461 ipsorum
1871 2367 1966 2465 depo-

758 2462 1209 2565 fitis‚Ecclefiasipsotfoiloo
1225 2460 1280 2558 effe
1301 2470 1485 2562 mesquitos.
1511 2466 1703 2549 Notoutem
1724 2466 1768 2536 ad
1777 2465 1972 2562 Christianos
2043 2494 2047 2503 ¹

767 2570 864 2669 ipsos,
885 2589 1035 2666 tanquam
1052 2583 1147 2662 poter
1170 2563 1215 2636 od
1228 2563 1319 2658 filios
1336 2561 1564 2659 praecordialis
1587 2566 1736 2652 babentes
1761 2566 1966 2666 eompofflonis

766 2668 934 2769 offellum,
958 2666 1064 2739 adbuc
1084 2685 1190 2762 preces
1211 2663 1379 2735 odiicimur
1396 2665 1562 2760 precibuo,
1586 2685 1667 2756 ,ete
1690 2666 1870 2760 celsitudine
1895 2691 1968 2760 tuo,
2027 2707 2036 2721 ·

767 2795 862 2870 quom
874 2789 932 2866 per
947 2764 1127 2838 huiusmodi
1140 2772 1276 2858 pietatis
1291 2785 1381 2860 opera
1398 2783 1495 2857 penes
1513 2766 1618 2834 Deum
1643 2785 1675 2835 et
1691 2768 1831 2836 homines
1855 2767 1967 2856 cresce.

768 2876 979 2960 recepimus,
1000 2871 1158 2953 petimn13
1174 2881 1207 2926 et
1222 2863 1260 2926 ob
1284 2868 1492 2929 reuerentiam
1516 2869 1603 2948 eins,
1633 2874 1690 2959 qui
1709 2863 1788 2935 bono
1812 2875 1967 2940 vniuttu-

669 2971 671 2975 ’
769 2975 883 3063 iusque
899 2981 990 3057 opero
1006 2981 1075 3028 tum
1090 2953 1231 3027 mercede
1243 2956 1544 3053 compensatopima,
1563 2963 1750 3055 praelibatos
1766 2964 1968 3061 Christianos,

769 3086 812 3138 vt
824 3060 1027 3160 praefertur,
1045 3054 1156 3128 eiebiot
1169 3054 1274 3144 facins
1290 3062 1326 3126 in
1339 3055 1458 3128 diblom
1475 3067 1638 3132 ciuitatem
1654 3062 1701 3133 od
1718 3066 1966 3142 inhabitandum

769 3166 853 3238 inibi
874 3158 1014 3256 regredi,
1036 3178 1068 3229 et
1083 3155 1238 3252 restitutis
1259 3169 1305 3228 eis
1325 3155 1424 3229 diliis
1441 3160 1585 3251 Ecclefic's
1607 3183 1639 3231 et
1664 3175 1838 3259 componis,
1885 3169 1967 3266 ipsos

770 3268 907 3338 Domino
922 3259 1022 3355 nestro
1048 3280 1151 3335 ueste
1173 3278 1395 3348 entismo,
1421 3283 1513 3355 quem
1529 3261 1679 3353 colimus,
1702 3266 1859 3362 intrepide
1882 3270 1966 3366 obst·

769 3371 828 3463 qui
844 3384 875 3433 et
879 3359 1005 3454 seruire
1015 3366 1204 3456 permittost
1219 3355 1363 3449 sciturus
1385 3358 1533 3447 indubie,
1559 3361 1646 3458 quod
1667 3387 1785 3461 quanto
1794 3387 1853 3462 per
1865 3372 1967 3465 plura

651 3458 657 3484 ⁸
765 3471 898 3561 pietatis
913 3482 945 3532 et
965 3465 1133 3532 oboritutis
1148 3477 1241 3554 opera
1261 3456 1307 3529 ed
1320 3458 1509 3555 Christianos
1532 3460 1612 3556 ipsos
1632 3466 1736 3532 oculos
1763 3487 1837 3538 tuoe
1853 3479 1965 3568 propi·

770 3570 917 3637 tietionis
932 3557 1101 3643 extendet,
1128 3578 1218 3626 tanto
1224 3558 1392 3649 ficoniores
1408 3570 1601 3631 intentiones
1623 3564 1796 3654 turificobit
1812 3572 1965 3663 Domino,

771 3686 804 3736 et
816 3670 959 3754 gratiora
965 3658 1029 3754 fibi
1042 3652 1150 3754 offeres
1166 3658 1350 3752 holocausto.
1400 3662 1567 3755 Speremus
1580 3669 1663 3732 enim
1678 3672 1713 3733 in
1724 3669 1868 3759 Domino,
1877 3672 1969 3769 quod

771 3764 882 3837 euhoe
907 3758 966 3828 tibi
990 3765 1080 3828 uitae
1101 3752 1277 3853 proesentis
1302 3779 1468 3849 augmento
1485 3769 1693 3855 prouenient,
1719 3766 1873 3866 nostrique
1896 3775 1967 3844 Re.

751 3865 919 3954 ‚demeris
937 3856 1082 3949 immenfie
1095 3857 1288 3948 benignitas,
1308 3865 1365 3954 qui
1378 3882 1542 3958 nunquam
1565 3869 1827 3939 irremuneratum
1847 3868 1967 3946 bonum

769 3954 902 4059 aliquod
912 3958 1163 4052 praetermittit,
1191 3953 1297 4045 adfici
1311 3966 1447 4030 nominis
1459 3962 1596 4053 gloriam
1610 3963 1832 4058 agnoscendum
1856 3975 1967 4045 oculos

769 4086 844 4137 tuoe
858 4063 973 4128 mentis
984 4051 1122 4146 facilius
1128 4054 1210 4145 sum
1225 4059 1305 4129 lucis
1312 4059 1535 4156 splendoribus
1558 4064 1732 4159 iluflrobit.
1758 4071 1838 4141 Dot.
1855 4067 1964 4149 Auiti.

769 4159 906 4256 X.·Ktb.
917 4149 1061 4228 otiatus
1074 4176 1157 4225 enno
1180 4157 1268 4230 Vlll.
1767 4168 1967 4264 Rufini,
