4859 5200
1067 667 1126 744 ee
1151 655 1169 754 )
1195 661 1245 749 82
1266 651 1300 750 (¹
1313 661 1373 738 t·

614 801 691 875 dum
708 797 787 872 inibi
803 814 878 893 opus
896 797 1116 885 Dominicum,
1144 770 1238 861 iuxth
1251 784 1399 886 profeffae
1414 788 1724 885 religionisofficium,
1734 808 1825 891 pra-
1907 836 1911 843 -

614 901 729 975 deuter
746 893 917 984 astutiis,
939 891 1090 964 duximus
1107 889 1328 987 deflinandos;
1360 888 1521 961 deuotioni
1534 892 1654 986 veslrae
1671 895 1823 988 praesen-

616 1009 699 1072 tium
716 1021 822 1070 tenore
841 1022 877 1067 ac
896 1003 931 1066 in
948 991 1144 1092 remifflonem
1152 995 1349 1089 peccitorum
1364 999 1502 1062 omnium
1511 997 1721 1090 iniungentes,
1740 1021 1825 1094 qna.

616 1121 710 1171 tenus
715 1098 880 1196 sperantes
895 1106 931 1167 in
945 1096 1014 1180 illo,
1039 1100 1095 1190 qui
1105 1091 1238 1185 suorum
1249 1087 1365 1186 greffus
1381 1090 1494 1185 dirigit
1512 1099 1547 1163 in
1556 1093 1717 1184 Jolutem,
1744 1098 1823 1168 iluc

607 1198 809 1297 fiducialiter
824 1193 997 1283 accedatis,
1023 1213 1056 1263 et
1072 1191 1194 1263 eosdem
1210 1194 1465 1282 Annonem,
1481 1190 1591 1286 filios,
1612 1196 1759 1289 populos,
1784 1220 1824 1268 et

613 1303 696 1372 alios
719 1297 760 1371 de
784 1295 972 1369 exercitibus
989 1289 1212 1389 supradib'lis,
1243 1298 1337 1363 iuscta
1359 1291 1469 1363 datam
1492 1292 1584 1363 vobis
1607 1293 1647 1364 ab
1663 1297 1827 1392 Altifflrno

497 1424 505 1433 ·
610 1408 782 1497 gratiam,
814 1396 859 1468 od
875 1402 1076 1492 receptionem
1091 1391 1180 1487 fatri
1194 1392 1420 1489 baptismatis,
1456 1413 1488 1463 et
1502 1401 1705 1487 cognitionem
1722 1422 1826 1472 uerae

616 1522 650 1573 et
664 1494 856 1572 orthodoxae
862 1494 945 1593 fidei
962 1501 1097 1566 attentis
1113 1499 1260 1583 monitis,
1288 1492 1458 1588 efficacibus
1471 1497 1763 1592 exhortationibus,
1788 1524 1824 1572 et

615 1599 875 1698 tnssmtiiom‘bus
890 1597 983 1694 ipfius
992 1594 1074 1691 fidei
1087 1595 1300 1690 generaliter,
1326 1615 1358 1664 et
1362 1595 1569 1690 singulariter
1588 1597 1764 1696 inducatis,
1780 1624 1825 1674 ut

556 1690 561 1707 ’
615 1700 731 1774 diuina
748 1720 928 1796 cooperante
944 1700 1139 1790 clementio,
1176 1715 1210 1765 et
1223 1693 1399 1787 sermonem
1427 1694 1564 1792 vctslrum
1579 1698 1857 1792 misericorditer·

616 1799 839 1895 confirmante,
860 1795 1019 1894 praedibbi
1037 1799 1133 1867 Cham
1151 1817 1182 1866 et
1197 1818 1320 1869 noAG
1331 1821 1409 1887 tto,
1428 1795 1492 1888 filii
1509 1819 1541 1868 et
1551 1801 1678 1895 populi,
1706 1829 1742 1874 ac
1759 1808 1823 1878 alii

615 1906 782 1973 memorati
799 1905 834 1968 in
844 1895 1026 1994 profeffione
1041 1922 1077 1966 ac
1092 1894 1303 1988 obseruatione
1322 1898 1501 1968 Catholicae
1508 1896 1591 1992 fidei
1598 1899 1750 1993 fidelium
1761 1930 1825 2006 po.

609 2003 701 2100 pulis
717 2018 940 2095 aggregentur,
969 2017 999 2066 et
1013 2017 1071 2093 per
1087 2003 1343 2091 omnipotentiam
1356 1996 1464 2070 dictim
1479 2008 1617 2073 nominis
1624 2001 1715 2095 salui
1721 2008 1825 2102 fiant.

617 2103 663 2176 Vt
679 2123 785 2173 autem
800 2108 835 2171 in
850 2096 1021 2197 praemrffis
1043 2122 1077 2168 eo
1092 2095 1238 2190 securius
1257 2096 1465 2194 procedatir,
1509 2127 1570 2200 quo
1585 2123 1644 2200 per
1660 2130 1718 2177 nos
1734 2111 1826 2204 strue

614 2204 808 2291 bisetaliis,
838 2195 1163 2300 qcooeadcommissum
1171 2198 1263 2268 vobis
1274 2198 1417 2295 [pellant
1426 2200 1710 2297 officium,maiori
1710 2208 1827 2300 fueri·

613 2310 660 2374 tis
668 2303 859 2374 authoritate
868 2308 994 2390 muniti,
1002 2301 1093 2370 vobis
1104 2322 1136 2370 et
1145 2299 1273 2370 cuilibet
1282 2299 1629 2399 unhsumpraesentium
1639 2326 1827 2388 tenorecon·

614 2402 771 2495 cedimus,
798 2410 889 2474 utin
905 2402 1021 2473 eisdem
1033 2401 1180 2498 partibus
1198 2401 1272 2491 vbi,
1308 2404 1450 2498 quondo,
1479 2425 1512 2474 et
1527 2416 1650 2503 quoties
1668 2413 1820 2507 expedire

613 2505 784 2595 vidritir,
805 2525 977 2602 proponere
992 2501 1123 2572 verbum
1141 2504 1223 2589 Dei,
1263 2522 1294 2572 et
1313 2502 1489 2597 constitutis
1505 2506 1639 2597 ibidem,
1674 2518 1826 2613 etiamst

615 2609 720 2706 aliqui
729 2608 801 2700 stne
814 2610 1133 2678 excommunicatione
1151 2603 1263 2695 ligati,
1296 2610 1332 2674 in
1347 2604 1472 2697 verbis,
1508 2607 1620 2703 offitio,
1647 2632 1680 2681 et
1696 2615 1763 2688 cibo
1780 2647 1821 2693 ac

612 2710 690 2779 aliis
697 2707 807 2801 secure
823 2714 1066 2789 communicare,
1086 2729 1138 2775 .ac
1155 2701 1235 2799 ipsos
1257 2728 1344 2780 Aen
1354 2730 1509 2797 enom,
1535 2709 1643 2805 filios,
1677 2721 1823 2814 populor,

604 2806 667 2900 seu
685 2829 893 2901 quoscumque
915 2807 995 2873 alios
1013 2811 1153 2871 conuerti
1170 2803 1215 2872 ad
1232 2814 1391 2875 vnitotem
1408 2808 1600 2904 Christianae
1617 2812 1700 2903 fidei
1727 2831 1819 2917 cupi.

613 2926 719 2992 entes,
746 2911 899 2997 recipere,
926 2901 1159 2995 rebaptizare,
1184 2910 1278 2982 iuxta
1286 2902 1449 3001 formam,
1476 2936 1571 3007 qnam
1586 2921 1620 2985 in
1634 2917 1690 2986 hoc
1707 2925 1820 2994 cadem

604 3002 718 3101 seruet
738 3002 872 3104 Ecclesia
891 3060 900 3091 ,
928 3001 1025 3072 libere
1050 3003 1199 3076 valeatis.
1254 3008 1363 3077 Liceat
1388 3016 1484 3081 etiarn
1501 3012 1591 3084 vobis
1607 3030 1815 3096 communiter

612 3108 672 3178 vel
683 3105 827 3200 diuistm,
851 3102 966 3175 ibidem
982 3101 1186 3174 redeuntibus
1206 3104 1253 3176 ad
1269 3106 1476 3182 obedientiam
1494 3114 1586 3206 Sedis
1613 3118 1813 3218 Apostolicoe,

612 3217 670 3310 qui
686 3208 770 3302 sunt
787 3212 1103 3278 excommunicatione
1124 3205 1233 3299 ligati,
1276 3208 1480 3299 absolutionis
1496 3214 1695 3309 beneficium,
1716 3229 1816 3301 iuxta

552 3368 554 3373 .
602 3311 748 3405 sormam
765 3308 915 3400 Eccleplae
934 3313 1109 3403 impertiri,
1137 3328 1168 3377 et
1176 3305 1275 3402 fisper
1291 3332 1324 3378 eo
1342 3308 1515 3406 desponsare
1531 3335 1602 3387 'cum
1617 3320 1687 3415 ipſso
1703 3334 1810 3399 cuius.

504 3443 506 3450 ·
610 3438 741 3512 cumque
757 3409 948 3482 conditionis
962 3416 1148 3498 extiterint,
1175 3416 1232 3505 qui
1238 3406 1349 3500 sacros
1365 3432 1544 3508 receperunt
1559 3419 1696 3511 ordines,
1714 3447 1747 3497 et
1763 3428 1811 3503 di.
1832 3482 1839 3494 .

609 3524 691 3588 nina
707 3513 904 3584 celebrarunt
919 3508 1016 3601 officia
1024 3509 1072 3599 fic
1088 3511 1182 3601 ligati
1190 3563 1200 3598 ,
1220 3509 1281 3601 nist
1292 3511 1374 3579 tales
1386 3511 1614 3599 fraudulenter
1618 3522 1658 3614 se
1673 3524 1719 3597 ad
1730 3543 1810 3626 par.

609 3638 659 3686 tes
675 3615 743 3683 ilos
757 3632 816 3708 pro
834 3613 885 3680 his
902 3605 1083 3679 obtinendis
1092 3614 1210 3701 gratiis
1226 3607 1457 3704 transsrcliffint.
1500 3618 1549 3688 Et
1564 3642 1606 3691 ot
1619 3631 1664 3716 ii,
1692 3638 1750 3726 qui
1764 3635 1814 3709 ad
1921 3679 1924 3684 .

609 3714 762 3803 Ecclesiae
777 3710 955 3782 Catholicae
972 3704 1127 3783 redierint
1145 3714 1321 3801 unitatem,
1348 3711 1436 3808 quod
1454 3722 1541 3787 inter
1556 3719 1635 3813 suos
1654 3713 1816 3834 habitent,

608 3820 718 3911 eisque
731 3818 966 3882 communicent.
1045 3808 1205 3878 Similiter
1221 3834 1343 3909 quoque
1370 3814 1584 3918 concedimus,
1611 3848 1653 3898 ot
1668 3842 1818 3912 omnium.

600 3914 751 4014 fidelium
765 3906 926 3983 libiorum
938 3915 1081 4005 portium
1105 3908 1299 4006 confefflones
1319 3913 1459 4008 audire,
1492 3945 1529 3992 ac
1553 3923 1624 4019 cpfis
1645 3937 1815 4032 iniungere

597 4018 817 4116 ¹poenitentioe
827 4010 1007 4104 solutares,
1034 4029 1067 4080 et
1081 4020 1395 4088 excommunicatore
1409 4044 1543 4112 conone,
1556 4028 1690 4114 vel-elio
1704 4040 1825 4134 modo,

605 4124 702 4220 W
710 4107 910 4217 praeditiom
920 4108 1086 4209 forman,
1107 4108 1282 4207 absoluere,
1309 4113 1639 4205 dummodo-iniuriam
1654 4134 1811 4216 eodemne

1610 4247 1621 4258 ,,
1717 4240 1813 4401 m,
