4859 5200
963 647 1265 751 ‹rossele-

1053 806 1114 899 N·
1138 809 1196 901 X.

513 937 571 1015 Ex
592 953 736 1020 onore.
759 952 1073 1033 martenum,
1107 941 1727 1053 ann.124r.u.1afip.5334

648 1057 783 1118 Lucan
810 1056 1024 1118 wonnmos
1047 1034 1171 1118 annal.
1194 1039 1383 1119 Minorum
1412 1041 1508 1120 Tam.
1525 1045 1595 1125 ΙΙΙ.

781 1224 786 1233 ,
1032 1134 1200 1238 p.11'o'.ſs

550 1287 843 1374 muncrum-vs·
859 1283 917 1341 cet.
931 1270 1010 1357 Regi
1024 1287 1055 1338 et
1068 1273 1192 1367 populo
1208 1271 1420 1343 Tariotarum
1448 1277 1535 1346 viam
1557 1276 1724 1365 molseon

723 1372 868 1427 veritatis.
911 1446 917 1455 .
1728 1374 1733 1379 '

585 1487 614 1550 ei
632 1482 740 1551 Passis
757 1473 905 1570 immenso
920 1478 1100 1572 benignitas
1117 1480 1250 1550 humani
1264 1476 1528 1571 germinosum,
1552 1482 1642 1579 quod
1651 1492 1726 1580 pru
1747 1476 1753 1481 ’

605 1588 650 1650 mi
666 1582 802 1648 bominis
823 1580 913 1675 culpa
938 1599 1119 1669 corruerat,
1154 1575 1310 1674 ineffabili
1338 1577 1501 1672 respiciens
1519 1589 1659 1676 pietate,
1686 1610 1723 1657 as
1822 1582 1827 1591 ¹

510 1682 617 1767 illum,
648 1702 738 1776 quem
756 1675 911 1753 diabolica
925 1676 1098 1774 prostraras
1117 1679 1244 1747 inuidia
1252 1675 1444 1772 suggestione
1462 1678 1584 1772 dolosa,
1607 1684 1721 1755 molens

507 1806 550 1851 ex
566 1784 828 1850 elsaritateuimia
846 1774 1087 1868 misericorditer
1103 1799 1265 1871 reparare,
1281 1781 1396 1848 Filium
1410 1778 1503 1870 suum
1518 1788 1720 1874 unigenitum

508 1876 864 1974 sorssosbslautialemsbi
880 1876 921 1946 de
942 1877 1022 1947 coeli
1037 1877 1151 1962 excelso
1167 1876 1248 1968 solio
1273 1878 1414 1970 missod
1438 1877 1580 1970 infimum
1604 1881 1718 1953 mundi

501 1980 627 2071 solum,
653 1987 710 2076 qui
721 1974 915 2073 praeolelbae
938 1976 1079 2070 Virginis
1094 2000 1186 2048 utero
1203 1974 1313 2070 stenbii
1328 1976 1467 2073 spiritur
1491 1999 1620 2073 operatu
1645 1984 1718 2049 son·

508 2098 635 2170 coprus,
661 2097 692 2143 et
707 2078 751 2143 ibi
765 2074 847 2167 veste
872 2083 977 2144 cornis
999 2076 1133 2147 indutus
1156 2081 1327 2158 humanae,
1369 2074 1505 2171 indeque
1525 2077 1718 2170 poslsnoduns

512 2172 615 2253 clausa
635 2194 795 2239 oraternoe
807 2191 903 2262 porta
921 2180 1126 2262 virginitatis
1143 2172 1289 2264 egressus,
1320 2171 1444 2241 suniiis
1470 2175 1621 2264 vsfibslem
1632 2176 1718 2269 seo·

505 2270 638 2368 siessdio.
691 2269 842 2336 Humano
858 2276 941 2335 euim
965 2290 1082 2337 natura
1104 2293 1172 2337 cum
1188 2268 1257 2360 esset
1275 2272 1461 2355 rationalis,
1493 2294 1563 2342 erat
1589 2296 1720 2348 asserem

510 2379 669 2450 veritate,
705 2387 858 2462 tanquam
884 2374 999 2462 optimo
1016 2366 1078 2457 suo
1102 2366 1166 2433 cibo
1187 2364 1363 2460 poscenda:
1392 2367 1455 2459 sed
1471 2390 1579 2465 poena
1595 2384 1719 2468 peceati

506 2468 694 2542 mortalibus
712 2464 1020 2552 attentavimus,
1043 2462 1088 2535 ad
1102 2467 1157 2534 boc
1172 2464 1212 2560 esl
1236 2465 1459 2537 diminutionis
1484 2469 1634 2562 redebio,
1676 2496 1733 2561 vs,

500 2590 560 2670 per
591 2564 785 2641 corsiefiuras
818 2590 923 2636 rerum
946 2564 1116 2659 viſsbilium
1137 2563 1183 2636 ad
1213 2566 1413 2660 intellegenda
1440 2568 1611 2663 iuuisbilia
1633 2580 1719 2646 nise·

507 2694 617 2760 resur,
656 2669 716 2740 cibi
749 2669 913 2737 rationalis
936 2686 1100 2736 creaturae
1115 2666 1207 2761 ipsus
1235 2667 1391 2737 conditori
1398 2668 1548 2759 facultas
1569 2697 1632 2743 nou
1646 2674 1719 2767 sno

506 2777 765 2855 commuratione,
782 2765 1145 2853 diminutiossenorurae‚
1162 2787 1203 2834 vt
1224 2768 1362 2860 vs'fibilia
1367 2768 1546 2860 sollertes,
1563 2772 1608 2843 ael
1609 2772 1649 2865 se
1663 2781 1717 2845 in·

505 2873 658 2967 visbilem
668 2867 784 2962 sollers
800 2867 932 2956 visbilir
949 2889 1128 2954 reuocaret,
1138 2865 1320 2958 salubribus
1335 2871 1475 2940 homines
1491 2870 1646 2965 institutis
1664 2880 1717 2946 in·

497 2973 649 3066 sormasss
683 3026 694 3056 ,
761 2976 912 3062 viamque
959 2974 1049 3036 vitae
1087 2967 1156 3058 ipss
1182 2967 1287 3035 iudice
1319 2967 1466 3040 deliriua
1491 2971 1624 3042 demum
1656 2972 1714 3044 de·

508 3070 701 3167 monstrans,
715 3066 865 3157 dignatus
882 3061 921 3155 esl
936 3063 1117 3156 poslsacrae
1134 3063 1378 3154 conseersatiouis
1392 3071 1551 3162 exempla,
1570 3090 1602 3139 es
1618 3094 1717 3144 enon·

502 3174 620 3266 gelicae
637 3163 851 3260 inslrue'biouis
869 3161 1061 3255 eloquiosub
1076 3161 1166 3231 dirae
1182 3170 1282 3231 erucis
1305 3161 1455 3259 supplicio
1473 3190 1604 3238 mortem
1622 3179 1719 3268 parit

508 3291 550 3338 vs
565 3267 691 3360 poenali
715 3270 806 3329 visae
828 3259 1002 3351 praessuris
1018 3259 1089 3351 fine
1106 3265 1237 3353 poenam
1261 3273 1372 3328 mortis
1393 3284 1589 3356 perpetuae,
1621 3294 1718 3364 quom
1817 3351 1831 3360 ,

502 3360 704 3463 proproplasii
716 3356 878 3452 posleritas
895 3358 986 3448 ipfius
1004 3366 1180 3426 incurrerat
1198 3356 1447 3451 transgressores,
1462 3361 1602 3450 finiens
1628 3386 1661 3434 et
1674 3368 1716 3438 de

505 3489 613 3539 amaro
635 3465 748 3530 morsis
773 3457 865 3526 salice
905 3456 1086 3550 temporalis
1119 3457 1263 3524 hauriret
1287 3460 1376 3524 lsomo
1407 3463 1497 3528 visae
1517 3459 1717 3538 dulcedinem

500 3569 723 3664 sempiternae.
782 3554 996 3628 Mediatorem
1017 3579 1152 3652 namque
1164 3561 1250 3623 iuter
1266 3578 1340 3642 nas,
1357 3577 1389 3626 et
1409 3559 1529 3645 Deum,
1551 3581 1583 3630 et
1598 3585 1720 3638 morra.

506 3673 631 3743 litatem
647 3662 759 3732 babere
775 3664 914 3753 oportuit
928 3655 1160 3749 transeuntem,
1179 3676 1209 3725 et
1226 3656 1453 3727 retrusissem
1465 3679 1718 3754 permanentem

508 3791 550 3841 vt
565 3788 621 3864 per
639 3762 675 3834 id
689 3756 775 3859 quod
790 3756 922 3849 transt,
946 3776 1126 3850 congrueret
1143 3762 1334 3831 morituris;
1350 3775 1382 3825 et
1406 3757 1451 3828 ad
1472 3759 1510 3830 id
1534 3762 1623 3859 quod
1639 3786 1716 3862 per·

505 3887 629 3953 manet,
654 3889 693 3933 ess
710 3866 844 3930 mortuis
862 3880 918 3929 nos
938 3853 1122 3947 tansferree.
1178 3860 1236 3926 Pro
1261 3859 1392 3927 humaui
1409 3882 1479 3953 ergo
1505 3861 1716 3962 redemptione

502 3973 627 4067 generis
635 3962 671 4055 se
688 3960 815 4058 bosiiam
832 3957 999 4044 exhibens,
1016 3957 1095 4027 ilud
1101 3954 1182 4048 suae
1191 3956 1314 4047 solutis
1331 3953 1410 4051 bosle
1422 3959 1576 4056 prostrato
1602 3962 1643 4034 de
1656 3987 1712 4062 op·

501 4069 628 4171 probris
631 4060 806 4156 seruitutis
823 4063 957 4158 ers'pru‘t,
966 4054 1011 4129 ad
1019 4059 1155 4254 glorprpm
1169 4057 1329 4131 libertatis
1333 4057 1491 4158 supernae
1500 4059 1575 4155 ,fibi
1580 4076 1713 4160 patriae

961 4193 963 4198 ·
1123 4171 1187 4261 se
1599 4161 1713 4261 arm
1796 4215 1803 4222 ·
