4859 5200
1458 564 1466 594 l

1059 618 1371 726 ‹ritable›

609 751 851 834 benedibbionit'
874 751 1083 852 tansbitutns,
1106 750 1220 826 uiuido
1244 778 1280 824 ac
1305 748 1473 825 indiuiduo
1500 752 1638 827 eiusdem
1663 746 1823 845 Ecclesiae

608 860 786 931 Catholicae
802 862 921 953 corpori
937 850 983 925 cd
991 858 1267 949 participationem
1284 855 1400 923 uitalis
1406 854 1544 948 spiritur
1567 859 1740 947 iungereric
1759 861 1815 921 in·

603 957 790 1054 separabilis
798 953 931 1047 foedere
948 955 1125 1023 charitatis.
1175 951 1310 1048 ideoque
1336 949 1584 1046 magnitudinem
1610 972 1699 1023 tuam
1720 976 1820 1044 rogae

560 1090 562 1095 ’
608 1080 701 1146 mus,
731 1077 764 1126 et
779 1057 941 1126 hortamus
956 1058 1133 1140 attentius,
1159 1070 1191 1120 et
1203 1071 1261 1145 per
1280 1051 1383 1139 ibices,
1401 1058 1459 1148 qui
1476 1049 1646 1145 mortificat
1670 1072 1701 1120 et
1720 1058 1818 1122 viui-

468 1150 504 1189 '⁵
598 1155 701 1251 ficut,
729 1151 933 1227 deducit'ad
956 1146 1078 1241 inferos
1105 1169 1137 1218 et
1156 1148 1307 1233 reducit,
1333 1148 1578 1242 misericordiam
1603 1151 1816 1246 obsecramus,
1863 1224 1866 1229 ,

606 1274 766 1354 quatenus
782 1250 921 1324 eiusdem
927 1247 1010 1343 fidei
1018 1245 1262 1340 saluberrimam
1289 1257 1476 1339 unitatem,
1502 1254 1719 1348 quamprimo
1733 1250 1822 1344 san·

611 1350 659 1427 tit
678 1350 817 1450 Apostoli
833 1348 977 1444 defidcli
1000 1369 1195 1422 canesco
1219 1345 1345 1444 pobbore
1352 1347 1581 1446 scasaeperunt,'
1601 1371 1634 1421 et
1649 1374 1745 1448 quam
1760 1346 1820 1444 sa·

611 1450 772 1546 trasaniba
788 1452 931 1541 Romarm
946 1447 1079 1541 seruat,
1101 1446 1288 1543 praedicat,
1329 1469 1361 1518 ec
1375 1451 1465 1520 docet
1489 1450 1642 1543 Etobesa,
1656 1449 1728 1545 fine
1753 1476 1820 1549 qua

611 1577 700 1629 nemo
716 1574 860 1649 unquam
878 1544 982 1623 Deum
997 1546 1109 1618 videre
1121 1555 1261 1642 poterit,
1277 1569 1456 1620 reuerenter
1471 1546 1659 1644 ampleibenc
1674 1570 1706 1621 tt
1720 1548 1828 1623 deur·-

612 1673 646 1723 te
662 1650 875 1746 confiderem,
891 1647 1093 1747 quodannis
1109 1650 1198 1716 bomo
1217 1672 1250 1717 ea
1269 1646 1348 1740 ipso,
1385 1645 1472 1744 quod
1489 1651 1655 1720 rationalis
1679 1649 1719 1745 esb
1743 1674 1820 1722 con·

612 1750 721 1838 dicus,
738 1748 829 1820 debet
846 1773 886 1819 ex
904 1755 1027 1818 ratione
1044 1747 1179 1838 colligere
1197 1746 1303 1833 illum,
1330 1755 1386 1843 qui
1403 1772 1472 1818 erem
1489 1746 1652 1836 condidit,
1672 1748 1730 1841 ese
1749 1754 1820 1821 Do·
1891 1832 1897 1839 ¹

544 1870 548 1879 ¹
612 1872 690 1922 oem;
716 1855 752 1921 in
768 1847 861 1940 ipstns
877 1847 983 1916 lumen
999 1864 1031 1913 et
1045 1854 1199 1935 regimen,
1219 1853 1320 1915 omnis
1345 1845 1501 1939 vetuslate
1522 1855 1644 1942 peccati
1661 1868 1693 1917 et
1718 1857 1819 1922 caeci·

522 1968 528 1979 ·
613 1952 696 2018 tatis
709 1968 813 2017 errore
829 1942 990 2040 deposcis,
1003 1961 1063 2039 per
1078 1942 1279 2037 baptismatis
1293 1940 1433 2035 transeat
1439 1944 1694 2037 sacramentum,
1714 1949 1819 2044 fidem

612 2043 796 2118 bulutmodi
819 2042 991 2140 constanter
1023 2061 1055 2111 et
1071 2038 1211 2132 sortiter
1233 2042 1441 2132 obseruando;
1455 2066 1504 2115 ‘vt
1519 2065 1578 2140 per
1602 2048 1685 2117 illam
1708 2060 1819 2142 gratia
1926 2040 1941 2048 ’

611 2148 745 2219 Domini
751 2142 920 2237 saluatus,
938 2165 1007 2211 cum
1024 2137 1132 2215 cletta
1151 2136 1267 2238 estqui
1283 2143 1394 2212 ualeat
1408 2144 1635 2216 haereditatem
1652 2156 1819 2247 incorrup-

510 2278 512 2283 ·
612 2245 754 2332 tibilcm,
780 2250 1079 2328 incontaminatam,
1099 2261 1131 2327 ec
1146 2241 1416 2339 immartefflbilem
1432 2245 1641 2336 constructam
1661 2257 1695 2318 in
1712 2255 1818 2325 coelic.

613 2344 779 2417 Caeterum
791 2341 984 2439 frequenter
1000 2336 1151 2434 audiuise
1168 2348 1386 2435 meminimus,
1413 2344 1500 2441 quod
1522 2357 1685 2417 memorari
1707 2370 1819 2444 prage-

555 2464 559 2479 ’·
610 2449 735 2516 nitoret
751 2450 802 2512 tui
815 2447 1055 2538 tanquamuiri
1080 2448 1341 2533 magnanimitate
1355 2440 1526 2534 sublimes,
1563 2469 1603 2516 vt
1621 2450 1712 2524 Rom.
1730 2454 1817 2523 Pan·

613 2542 753 2640 tificibus
761 2538 1040 2638 praedecesoribus
1063 2537 1175 2634 noslris
1197 2560 1233 2611 tt
1256 2540 1446 2637 Aposlolicae
1459 2542 1536 2638 sedi
1557 2544 1703 2619 deuotam
1727 2575 1816 2623 reue·

613 2651 751 2716 rentiam
768 2642 970 2729 exhiberent,
995 2637 1041 2711 ad
1054 2640 1134 2735 ipsos
1152 2639 1313 2712 interdum
1322 2662 1453 2740 propter
1467 2649 1523 2716 boc
1539 2648 1708 2719 mittebant
1732 2677 1815 2723 nun·

610 2750 679 2815 tiot
692 2741 866 2838 spicialec3
891 2762 923 2811 et
947 2740 1156 2812 nibilominus
1179 2765 1250 2813 cum
1273 2745 1462 2815 Francmum
1483 2745 1635 2839 Regibus,
1658 2758 1714 2845 qur·
1739 2771 1819 2826 eum

613 2861 726 2926 erant,
751 2846 924 2907 amicitiam
939 2840 1175 2925 contrahentes,
1193 2839 1262 2909 illos
1274 2859 1335 2932 per
1351 2841 1473 2912 eosdem
1495 2855 1626 2917 nuntios
1647 2870 1679 2916 ee
1701 2851 1820 2925 literas

510 2969 513 2976 ·
613 2936 808 3031 tristabant:
836 2956 915 3031 quos
926 2928 1168 3036 praedecessores
1181 2958 1218 3005 oc
1227 2937 1327 3029 Reges
1343 2939 1399 3034 ips
1412 2951 1594 3039 recipientes
1609 2950 1817 3045 bonorificen-

612 3044 681 3128 tia3
698 3058 762 3134 qua
777 3031 925 3119 decebat,
943 3056 1059 3122 earum
1066 3035 1173 3125 gratis
1188 3033 1359 3131 aspebbibus
1373 3041 1591 3136 laetabantur,
1610 3046 1648 3142 se
1673 3052 1748 3122 hine
1760 3061 1816 3125 ire.

612 3135 653 3211 de
664 3132 918 3233 progenitoribus
934 3158 971 3214 aa
986 3132 1125 3226 Regibus
1151 3134 1222 3230 ipsts
1243 3133 1337 3206 donis
1359 3160 1391 3209 et
1416 3145 1595 3215 muneribus
1619 3149 1814 3234 honorando,

610 3237 669 3312 Ere
684 3235 801 3334 quibet
809 3253 901 3331 potes
912 3234 1006 3330 plene
1022 3232 1178 3326 colligere,
1206 3234 1294 3332 quod
1308 3238 1368 3308 tibi
1385 3262 1418 3310 et
1440 3250 1568 3342 imperio
1598 3267 1654 3319 tuo
1672 3249 1718 3323 ad
1738 3254 1814 3328 lau.

610 3327 666 3410 dis
682 3332 842 3409 aemulum
856 3355 889 3405 et
906 3338 1035 3406 banorir
1063 3330 1266 3427 accresceret,
1278 3336 1314 3429 fi
1330 3351 1563 3435 progenitorum
1585 3344 1720 3443 ipsarum
1736 3361 1814 3429 imi.

608 3459 701 3510 tatus
718 3434 914 3531 exemplum,
932 3454 993 3530 per
998 3431 1121 3529 smiles
1137 3443 1268 3506 nuntios
1285 3458 1344 3507 not
1354 3461 1387 3509 eo
1402 3440 1521 3516 dilbam
1534 3448 1680 3542 ve'sltarec
1693 3445 1801 3544 sedem

608 3558 644 3611 et
661 3560 732 3609 cum
746 3532 912 3632 cbarifflmo
930 3542 965 3604 ia
992 3554 1200 3607 canesco
1216 3534 1293 3627 filio
1311 3537 1411 3632 nostra
1426 3543 1509 3638 Rege
1526 3550 1714 3625 Francorum
1735 3516 1809 3632 illu-³

600 3633 665 3733 fin·
681 3642 853 3736 amiciciam
867 3655 1056 3704 renouaret:
1082 3655 1140 3701 not
1164 3641 1248 3703 enim
1273 3659 1313 3704 ex
1334 3640 1391 3709 boc
1408 3641 1590 3739 specialiter
1615 3651 1809 3737 laetaremur

557 3758 559 3761 ·
606 3742 646 3808 in
667 3737 826 3821 Domino,
851 3738 910 3830 qui
936 3731 998 3803 tibi
1011 3728 1147 3801 libenter
1169 3738 1207 3803 in
1229 3734 1390 3829 omnibus,
1418 3768 1486 3817 cum
1501 3744 1676 3835 secundum
1699 3758 1808 3836 Deum

603 3854 714 4014 fam}
726 3830 951 3931 procederent,
981 3831 1188 3936 plastorum
1238 3834 1324 3947 Dat..
1340 3840 1441 3948 Auito.
1457 3848 1540 3952 llll,
1563 3876 1637 3932 nan.
1655 3857 1733 3930 lolii
1748 3887 1812 3937 coc·

1603 4157 1662 4243 ee.
1676 4160 1811 4273 um.
