4859 5200
935 635 993 707 «tc
1014 618 1032 713 )
1054 638 1107 719 131
1131 620 1148 713 (
1174 628 1231 699 2·
1403 664 1404 669 κ
1651 611 1674 652 ‘

478 741 555 822 diac
577 769 735 847 quatenus
749 746 926 848 prudenter
941 746 1154 844 confiderent,
1177 747 1265 849 quod
1284 755 1359 821 vita
1385 748 1488 848 noste
1513 772 1615 852 uapor
1636 750 1684 828 'ad

479 845 637 920 modicum
647 869 764 947 patens
778 845 831 944 ese
846 849 1053 945 dignoscitur,
1080 847 1225 947 quodque
1238 847 1309 922 dies
1328 848 1424 947 nosti
1436 851 1610 948 ¹transcunt
1622 878 1684 929 vo·
1767 938 1770 943 ,

480 944 534 1016 lut
552 949 687 1027 umbrat
710 949 948 1041 saluberrimam
956 946 1040 1043 fidei
1056 950 1227 1019 catholicae
1249 955 1444 1039 ueritatem,
1461 975 1556 1048 quam
1570 952 1682 1046 saero-

469 1041 586 1134 stanlba
603 1051 747 1118 Romana
753 1048 891 1142 seruat,
913 1048 1097 1146 praedicat,
1116 1069 1148 1119 et
1164 1046 1255 1119 docet
1272 1049 1349 1118 eccle
1372 1074 1409 1138 a,
1426 1048 1498 1142 fine
1519 1076 1584 1149 qna
1599 1080 1686 1126 crea·

480 1155 546 1214 tori
563 1148 634 1215 Deo
653 1145 882 1246 eslimpofflbile
895 1151 1095 1244 complacere,
1112 1167 1292 1219 reuerenter
1314 1145 1503 1243 amplelletts
1525 1175 1595 1221 oum
1603 1151 1685 1245 subu

481 1240 575 1315 iel'lis
590 1244 651 1316 tibi
666 1250 795 1342 populis
815 1267 875 1344 per
888 1247 1049 1341 sacratam
1071 1273 1107 1318 ac
1123 1244 1305 1340 sacrantem
1330 1244 1451 1319 undum
1476 1247 1683 1346 baptismatit,

475 1362 535 1438 per
553 1370 669 1440 quam,
686 1345 802 1440 vtfilii
812 1347 909 1438 smus
926 1351 990 1419 Dei
1003 1352 1172 1443 accipimur
1180 1344 1385 1443 potestatem,
1396 1346 1615 1443 spiritualiter
1630 1373 1687 1423 nte

473 1452 635 1535 genereris
651 1452 686 1515 in
705 1469 730 1520 c
740 1468 940 1534 ιιιιιετος
965 1466 1007 1518 ot
1018 1446 1066 1540 fit
1080 1445 1194 1542 abipso
1210 1452 1297 1538 regni
1312 1444 1446 1542 coelestis
1463 1471 1607 1520 coronam
1628 1454 1682 1522 in·¹

392 1632 394 1636 ι
479 1544 712 1638 corruptibilem
728 1569 796 1617 vna
811 1569 880 1618 cum
895 1545 966 1643 ipss
974 1547 1101 1642 populis
1109 1545 1252 1641 consequi
1266 1553 1425 1618 merearis.
1470 1547 1587 1620 Verum
1603 1554 1686 1649 quia

479 1640 541 1738 ipse
558 1666 583 1717 c
594 1669 619 1716 a
629 1671 652 1717 u
662 1667 734 1718 etr
744 1667 809 1734 vs,
827 1653 885 1743 'qui
900 1644 941 1740 est
957 1653 1101 1734 veritas,
1116 1642 1254 1734 fauoces
1274 1663 1307 1715 et
1321 1643 1418 1733 bona,
1441 1669 1522 1744 quae
1540 1645 1607 1736 suit
1625 1673 1683 1722 ert·¹

477 1744 628 1814 bibentur
643 1744 836 1832 cultoribus,
859 1742 1006 1840 personae
1014 1743 1091 1835 suae
1107 1743 1263 1814 exclamat
1287 1763 1320 1836 et
1337 1764 1463 1840 reputat
1486 1742 1540 1839 ese
1562 1744 1702 1838 sabbas

477 1843 690 1937 celsitudinem
704 1864 796 1915 tuom
809 1853 844 1916 in
865 1848 1002 1937 Domino
1016 1843 1239 1940 deprecamur,
1255 1864 1413 1942 quatenus
1426 1842 1473 1916 ad
1487 1845 1682 1943 Cbrr'pbiunat

468 1941 553 2036 fidei
568 1942 766 2038 professores,
791 1952 850 2043 qui
863 1940 1091 2016 dominationis
1115 1964 1189 2016 tuae
1203 1962 1323 2014 terram
1337 1942 1536 2035 inhabitant,
1560 1965 1593 2017 et
1608 1971 1682 2019 ma·

478 2050 562 2112 nime
578 2051 636 2140 qui
646 2041 836 2140 praedicant
851 2045 933 2116 inibi
944 2045 1076 2115 uerbum
1091 2046 1172 2131 Dei,
1193 2043 1237 2133 fic
1252 2063 1329 2114 tuae
1340 2043 1545 2137 benignitatis
1559 2042 1680 2141 offella
1823 2074 1833 2096 ·

478 2147 659 2229 continues,
676 2143 754 2238 ipsos
773 2143 900 2237 operosis
907 2142 1083 2232 fauoribus
1093 2140 1327 2236 prosequenda,
1353 2141 1438 2238 quod
1451 2159 1527 2212 tuae
1538 2142 1681 2237 protebbi

477 2236 666 2332 defensonis
684 2243 801 2336 clypeo,
827 2246 1011 2335 cuiusquam
1028 2235 1202 2335 offensionis
1217 2239 1380 2308 molimina
1403 2262 1466 2310 non
1481 2238 1680 2331 formidentp

478 2346 559 2437 quin
568 2346 680 2434 potine
696 2337 828 2437 affiduae
836 2336 1025 2431 sanctitatis
1042 2334 1211 2408 dulcedine
1227 2336 1360 2408 valeant
1370 2338 1515 2431 gloriari.
1567 2343 1680 2414 caeee·
1835 2362 1838 2368 ’

476 2463 550 2509 rum
568 2463 657 2528 cum,
675 2459 774 2535 prout
794 2445 985 2534 accepimns,
1004 2436 1040 2506 ob
1055 2435 1163 2508 diuini
1189 2443 1398 2508 reuerentiam
1423 2446 1561 2511 nominis
1585 2442 1681 2514 corti

470 2540 592 2637 slianos
616 2537 795 2635 praedilbos
822 2559 1006 2636 campanar,
1042 2535 1242 2636 adquorum
1261 2535 1472 2636 pulsationem
1488 2535 1535 2612 ad
1566 2537 1682 2615 diuina

477 2648 643 2711 conuenire
653 2637 768 2737 pofflent
782 2638 895 2737 ttfficia,
912 2637 1035 2712 dudum
1046 2657 1105 2736 per
1121 2636 1254 2735 aliquod
1270 2646 1417 2736 temporit
1428 2637 1572 2738 spatium
1587 2642 1685 2714 lrabe·

476 2766 511 2813 te
535 2767 571 2813 at
590 2740 718 2838 pulsare
740 2742 836 2813 libere
853 2735 1049 2845 permifisec,⁸
1069 2745 1217 2837 quemuis
1248 2736 1440 2835 postmodum
1480 2747 1681 2814 inimicorum

352 2881 360 2895 ·
476 2838 1099 2941 cnn1s11‚qui‚.quantumptsunt
1123 2839 1198 2908 licet
1213 2836 1425 2933 supernatur,
1449 2859 1515 2912 non
1536 2838 1683 2935 destrunt

467 2940 547 3033 suae
563 2951 748 3037 iniquitatis
771 2944 877 3012 iacula
900 2950 1001 3011 iacere
1025 2959 1135 3009 contra
1157 2936 1275 3032 ipsum,
1294 2936 1511 3030 fraudulenta
1526 2938 1684 3034 seduRut

476 3038 626 3135 inslantia
644 3058 808 3135 campanae
819 3036 968 3134 pulsandi
978 3034 1161 3131 praediilas
1177 3044 1223 3103 eie
1247 3035 1398 3105 interdici
1413 3037 1519 3133 fecisti
1533 3065 1555 3110 a
1577 3042 1683 3114 tribue

477 3149 571 3211 annis
582 3145 726 3234 proximo
739 3143 923 3235 praeteritio
931 3133 1147 3227 facultatemc
1169 3155 1314 3228 rogamus
1328 3132 1431 3205 denuo
1455 3155 1498 3206 ut
1511 3135 1683 3237 stcggeflic·
1703 3204 1707 3212 .

477 3265 534 3310 nes
551 3235 750 3325 huiusmodi,
769 3260 849 3333 quae
867 3232 908 3305 dt
923 3232 1059 3330 ipsorum
1067 3231 1196 3324 sentina
1210 3232 1364 3327 venenosa
1375 3232 1564 3330 procedunt,
1580 3244 1684 3312 omni.

477 3361 518 3409 no
533 3335 713 3431 despiciens,
740 3358 801 3411 cn
810 3360 835 3408 R
844 3359 856 3407 t
866 3357 938 3408 tet
965 3333 1101 3404 cultores
1116 3330 1239 3402 eosdem
1250 3328 1418 3427 ptae'satas
1432 3332 1545 3403 babere
1560 3360 1597 3406 ae
1818 3395 1821 3400 ,

469 3436 545 3532 sart
560 3454 741 3532 campanas,
759 3454 820 3531 pro
841 3432 947 3505 diuini
961 3434 1076 3502 bonore
1090 3436 1247 3521 notuinis,
1267 3437 1437 3530 permittat
1453 3430 1526 3527 stne
1547 3339 1686 3530 d‘mbbb:

389 3550 397 3568 ‘
478 3559 548 3612 tate
563 3540 673 3636 aliqua
690 3557 721 3606 et
737 3532 895 3607 concedat.
947 3535 1116 3630 Speramuc
1129 3537 1214 3604 enim
1232 3538 1269 3603 in
1292 3533 1449 3625 Domino,
1466 3531 1555 3631 quod
1569 3559 1610 3606 en
1626 3536 1683 3608 boe

369 3706 371 3709 .
478 3642 539 3712 tibi
553 3648 644 3711 uitae
662 3635 835 3734 praesentis
862 3651 1031 3730 augmenta
1053 3639 1260 3729 proterunt,
1284 3630 1441 3732 nostrique
1465 3632 1686 3734 Redemptorit

478 3738 625 3832 immmsa
640 3738 833 3833 benignitas,
858 3745 916 3836 qui
939 3756 1104 3834 nunquam
1129 3740 1395 3806 irremuneratum
1418 3734 1532 3807 bonum
1553 3735 1689 3837 aliquod

473 3845 724 3936 praetermittit,
761 3835 806 3907 od
818 3835 876 3929 sui
900 3841 1039 3908 nominis
1059 3835 1196 3928 glorian
1228 3830 1450 3927 agnoscendam
1480 3838 1586 3910 enias
1610 3858 1690 3910 cuae

479 3938 740 4113 {castalius
747 3935 828 4031 suae
843 3939 928 4115 poprie
945 3933 1169 4033 splendoribus
1199 3930 1374 4033 ilusrabt't.
1425 3939 1506 4015 Dae.
1523 3938 1628 4011 Anint

509 4094 520 4121 .
595 4059 682 4139 ‚apro
710 4061 828 4113 sonno
924 4109 926 4114 .
1332 4101 1337 4110 .
1617 4077 1621 4084 ’

1088 4128 1145 4231 (t)
1166 4148 1191 4214 2
1543 4133 1686 4223 Nm
1901 4119 1909 4134 ’
