4859 5200
914 535 1262 703 ¹«othonis».

387 719 391 728 ¹
490 736 644 826 claribus,
663 740 836 832 poenisque
846 728 1034 829 grauifflmis
1051 738 1204 818 enitatis,
1224 752 1369 806 aeternae
1386 735 1693 842 beatitudinisprae-

487 846 553 909 mia
572 844 734 934 perpetuis
757 835 917 906 duratura
944 832 1134 927 temporibus
1157 830 1418 930 consequaris,et
1442 839 1610 927 excolatur
1620 850 1692 942 glo.
1793 851 1796 855 ’

486 938 565 1031 riase
582 937 753 1031 insaecula
770 958 882 1004 namen
905 954 1008 1005 tuum.
1060 932 1119 1004 Ad
1133 936 1190 1003 lroc
1207 932 1268 1030 (ς)
1283 931 1403 1011 multae
1418 937 1621 1032 benignitatis
1635 948 1692 1040 if.

476 1040 622 1131 sellum,
649 1061 739 1133 quem
757 1031 943 1128 Chrislianis
968 1034 1173 1128 inpartibus
1208 1033 1280 1128 ipss
1304 1038 1502 1107 morantibus
1520 1026 1708 1131 fauorem>

483 1141 560 1210 liter
579 1139 725 1222 exhibes,
743 1133 893 1203 uberibus
904 1139 1022 1228 gratiis
1034 1132 1275 1233 presequentcs,
1295 1143 1435 1231 petimus
1450 1159 1491 1207 vt
1508 1143 1690 1219 huiusmodi

482 1235 631 1334 offeilctm
646 1255 704 1307 tua
728 1235 879 1305 nobilitas
904 1239 1067 1303 continuet
1089 1240 1171 1305 circo
1194 1235 1273 1315 ibas.
1301 1233 1360 1327 (6)
1387 1240 1531 1309 Ceterum
1555 1240 1688 1318 dileblat

475 1338 567 1432 filias
585 1339 713 1407 fratres
731 1361 758 1411 G
769 1361 790 1407 v
802 1360 812 1405 t
824 1357 940 1407 tuot.
951 1357 1055 1407 MvM
1079 1332 1120 1405 de
1136 1357 1313 1408 cutm
1330 1339 1616 1412 Poenitentiarium
1631 1370 1691 1419 na.

475 1436 596 1533 strum,
623 1457 654 1508 et
686 1459 999 1511 mnrrmvm
1029 1430 1070 1505 de
1095 1442 1227 1509 ciuitate
1245 1428 1406 1508 Theatina
1424 1438 1558 1511 Ordinis
1573 1446 1687 1519 Mina.

481 1563 552 1609 rum
562 1541 681 1608 latores
694 1536 916 1634 praesentiunt,
931 1532 1069 1632 quoted
1082 1544 1172 1605 tuim
1185 1534 1397 1628 praesentiens
1411 1536 1612 1634 destinamus,
1623 1566 1686 1644 pro

481 1658 563 1726 tua,
589 1659 724 1735 tuaeque
733 1645 840 1731 gentis
848 1634 974 1727 salute,
997 1653 1057 1728 pra
1073 1633 1267 1730 Apostolicac
1284 1635 1394 1728 Sedis,
1421 1660 1454 1710 et
1468 1642 1571 1734 noslro
1596 1669 1686 1719 reue·

480 1748 606 1832 rencia,
632 1739 761 1836 benigne
776 1744 907 1830 recipiar
924 1754 957 1803 et
968 1732 1201 1824 sonacabiliter
1213 1734 1433 1834 prosequaris,
1460 1743 1590 1841 ibasque
1604 1745 1684 1828 dili·
1755 1804 1760 1821 c

476 1860 590 1931 genter
607 1838 741 1919 audias,
762 1857 795 1905 et
802 1835 988 1928 salubribus
1006 1832 1141 1929 ipsarum
1166 1836 1301 1929 confiliis
1318 1836 1479 1932 efficaciter
1497 1845 1684 1942 acquiescas.
1765 1861 1779 1869 “

478 1941 600 2010 Datum
610 1937 697 2034 apud
706 1937 818 2010 Vrbem
826 1956 966 2008 ueterem
977 1932 1166 2009 X.Kolend.
1177 1937 1539 2035 Septembrisannollll.

933 2127 997 2218 N.
1039 2129 1287 2251 xxxx„
1413 2081 1422 2108 ‘

528 2289 585 2367 Ex
604 2307 750 2491 onpott.
773 2303 1059 2372 RAYNnLno
1085 2284 1220 2367 Annal.
1256 2289 1682 2408 militationis.

497 2451 500 2457 ·
579 2412 642 2495 33·
683 2415 789 2495 ·442·

846 2530 983 2578 ozouo
1003 2503 1183 2575 tis-‹inocee
1307 2593 1311 2600 Ι

476 2633 657 2809 Acidis
668 2664 851 2753 gratum'et
864 2679 1023 2759 acceptum
1051 2648 1320 2757 quamplurimum
1343 2665 1433 2730 vatis
1455 2661 1568 2761 noslris
1585 2667 1681 2768 qued,

563 2758 647 2851 ficut
652 2758 723 2855 fide
735 2760 842 2856 dignis
857 2770 1002 2859 aperitur
1026 2756 1208 2856 affetiilus,
1233 2781 1265 2830 te
1276 2785 1390 2854 gerens
1414 2763 1623 2841 laudabiliter
1647 2793 1681 2844 et

472 2857 647 2955 prudenter
670 2857 717 2933 ad
730 2856 1007 2957 dilatandasfidei
1031 2860 1225 2957 Christianae
1250 2868 1403 2931 terminas
1414 2860 1553 2953 solerter
1575 2861 1680 2952 inten-

476 2958 548 3047 dis,
573 2957 619 3029 ad
634 2970 824 3052 agnitionem
840 2964 933 3054 ipfius
951 2964 1051 3045 alios,
1071 2969 1128 3053 qui
1141 2959 1282 3028 nondum
1289 2959 1372 3052 sunt
1390 2969 1457 3031 eius
1474 2966 1594 3039 lumine
1606 2974 1680 3044 ibu-

468 3055 583 3152 slrati,
594 3055 722 3150 solicite
734 3057 933 3129 inducendo:
955 3055 1074 3153 dequo
1093 3075 1167 3124 tuae
1185 3055 1406 3145 solicitudinis
1417 3058 1559 3152 sludium
1584 3087 1676 3142 tanta

476 3156 725 3229 commendamur
742 3158 898 3251 amplius,
915 3173 1035 3252 quanto
1052 3151 1299 3247 magirsalntem
1321 3164 1461 3228 amnium
1480 3158 1678 3260 affeblcmus.

478 3253 697 3324 Nobilitatem
714 3262 822 3351 itaque
838 3274 926 3324 tuam
951 3253 1151 3325 excitandam
1173 3274 1298 3322 attente
1324 3253 1476 3327 duximus
1492 3284 1525 3331 et
1548 3269 1682 3339 lsartan.
1753 3330 1758 3338 ,

477 3349 573 3439 dam,
610 3372 768 3449 qnatenus
792 3351 828 3424 ob
852 3350 996 3424 diuinam
1021 3373 1053 3446 et
1078 3349 1369 3448 Apostolicaesedis
1384 3377 1421 3420 ac
1438 3355 1572 3451 noslram
1589 3388 1679 3436 reue.

479 3458 615 3524 rentiam
632 3459 713 3524 circa
739 3451 921 3525 huiusmodi
933 3452 1080 3548 fhlubres
1102 3472 1174 3523 tuor
1199 3448 1286 3521 ailus
1307 3471 1339 3521 et
1364 3471 1455 3549 opero
1470 3455 1609 3549 solerter
1630 3472 1682 3539 in.

477 3550 609 3645 tendas,
633 3574 665 3626 et
681 3554 830 3650 inuigiles
853 3551 1042 3650 diligenter,
1065 3575 1106 3626 vt
1131 3550 1247 3623 exinde
1270 3564 1593 3653 tantaarceptiaret
1603 3590 1680 3661 gra·

479 3660 544 3728 tior
561 3654 708 3730 reddaris
723 3652 893 3757 Altcffmo,
921 3677 1039 3755 quanta
1052 3655 1162 3753 plures
1176 3653 1215 3724 ab
1241 3662 1359 3725 erroris
1375 3661 1463 3727 inuia
1487 3658 1533 3731 ad
1555 3675 1680 3743 verita·

477 3747 523 3844 tis
530 3758 701 3850 semitam,
719 3778 750 3829 et
768 3760 807 3831 cl
825 3755 1028 3852 infidelitatis
1045 3754 1154 3828 nubila
1182 3753 1229 3827 ad
1244 3757 1422 3827 claritatem
1439 3761 1620 3841 Catholicde
1634 3769 1683 3870 β·
1747 3831 1751 3838 ,

478 3854 535 3952 dci
550 3861 729 3954 ructabit,
745 3880 804 3936 tet.
822 3862 944 3935 Datum
958 3860 1007 3935 id,
1024 3854 1158 3956 Augnsli
1172 3880 1256 3931 crena
1266 3857 1340 3931 1111.
1387 3875 1390 3879 ’
1515 3960 1519 3968 Ι
