4859 5200
1048 635 1104 703 ver
1134 616 1151 708 )
1176 638 1239 717 127
1265 615 1281 700 (
1307 623 1363 694 ib
1451 639 1462 647 ·
1624 701 1630 711 ,

627 731 763 802 notabili
778 734 793 821 ,'
821 735 922 825 Regni
967 733 1124 828 magnifici
1163 738 1350 831 Principis,
1394 746 1498 832 magni
1532 741 1629 832 Regis
1663 738 1819 807 Tartaro·

630 850 720 919 rum,
740 839 775 902 in
793 832 1060 929 Arcbiepiscapum
1076 830 1298 930 offumpstmus‚
1333 857 1365 906 et
1379 836 1588 931 praefecimus
1603 848 1637 908 in
1658 837 1820 932 pastorem,

628 954 732 1000 curam
751 953 783 1002 et
796 930 1036 1022 sollicitudinem
1052 943 1230 1004 animarum
1256 943 1394 1005 omnium
1419 935 1615 1033 existentium
1631 943 1665 1004 in
1682 956 1748 1005 toto
1766 934 1821 1005 do·

625 1036 722 1099 minio
739 1031 1020 1122 Tartarorumsibi
1029 1033 1206 1126 plenariam
1224 1042 1471 1124 committentes,
1488 1035 1593 1130 ibique
1608 1032 1771 1103 exercendi
1788 1058 1821 1105 a·

622 1136 721 1216 mnia,
736 1153 817 1224 quae
834 1127 964 1198 adiuta
980 1129 1259 1225 Arcbiepiscopalia
1272 1129 1412 1227 spellam
1427 1131 1616 1226 noscuntur,
1629 1150 1729 1227 prout
1746 1150 1818 1224 per·

621 1235 760 1297 mittunt
774 1234 936 1297 canonicae
943 1225 1145 1320 sandicum,
1169 1228 1472 1303 eademaulborieate
1488 1228 1825 1323 concedentesplenam

622 1347 654 1395 et
669 1327 800 1395 liberam
810 1323 1001 1420 potestatem.
1056 1328 1101 1398 Vt
1124 1349 1231 1398 autem
1254 1336 1288 1401 in
1305 1328 1422 1402 eisdem
1431 1330 1577 1426 partibus
1594 1337 1820 1400 incrementum

611 1423 733 1516 salutis
756 1432 935 1495 animorum
952 1422 1127 1520 perfeb'lius
1144 1436 1313 1523 prouenire
1344 1429 1487 1516 valeat,
1538 1449 1570 1498 et
1584 1426 1671 1522 fides
1699 1426 1817 1496 Carbo·

619 1525 682 1594 lica
708 1522 827 1618 semper
858 1522 898 1595 de
930 1525 1008 1595 bono
1044 1532 1080 1594 in
1105 1526 1219 1595 melius
1244 1547 1301 1621 per
1333 1529 1544 1619 Euangelicae
1572 1524 1819 1622 praedicationis

619 1621 815 1709 doblrinam,
837 1618 964 1692 nullate
980 1625 1135 1713 Domino,
1155 1622 1375 1719 ‘prospereturs
1410 1627 1486 1696 Nos
1496 1624 1611 1718 summi
1628 1627 1722 1716 Regis
1738 1623 1817 1692 Ma·

613 1719 739 1815 gs'plerio
754 1718 894 1808 eruditi,
922 1729 979 1817 qui
996 1722 1149 1792 inclinata
1163 1724 1314 1803 coelorum
1330 1721 1521 1812 altitudine,
1548 1744 1588 1794 vt
1603 1716 1815 1794 hominemne·
1917 1747 1921 1756 ·

618 1818 778 1907 limeret,
795 1816 913 1908 fabius
928 1823 1035 1910 bomo,
1060 1817 1246 1917 discipulos,
1266 1823 1467 1920 praeelegit,
1484 1831 1518 1893 in
1533 1821 1716 1917 uniuersum
1724 1843 1816 1890 mun·

617 1916 694 1989 dum
709 1919 791 2010 mistt
808 1918 1018 2012 Euangelrum
1028 1919 1232 2014 praedicate,
1258 1927 1415 2016 cupientes
1433 1929 1522 1992 viras
1531 1919 1683 2017 prouidus
1705 1940 1737 1988 ct
1761 1916 1814 1988 di·

608 2016 751 2107 seratas,
773 2017 905 2106 fcientes
919 2016 1111 2109 adsalutem
1125 2017 1305 2090 incredulos
1322 2021 1455 2115 populos
1480 2019 1606 2089 erudire
1623 2017 1764 2114 operibus
1781 2035 1816 2085 et-

610 2113 771 2205 sermone‚
804 2116 995 2208 inpartibus
1006 2113 1186 2209 praemsffoe
1195 2115 1420 2207 sollicitudinis
1447 2141 1597 2206 euocare,
1628 2122 1684 2212 qui
1709 2108 1812 2184 tellas

612 2206 888 2308 facianesemitae
905 2215 968 2280 Dei
985 2212 1080 2304 nostri
1088 2266 1099 2299 ‚
1121 2214 1332 2307 populumque
1345 2214 1560 2307 acceptabilem
1577 2220 1606 2282 ei
1622 2210 1770 2298 reddant,
1780 2230 1829 2305 te¹

617 2307 742 2381 dilium
758 2306 909 2379 Ordinem
920 2305 1106 2402 profestum,
1131 2331 1172 2379 ve
1180 2316 1420 2403 proemittitur,
1446 2309 1677 2405 acsufficieneer
1696 2318 1730 2382 in
1747 2311 1812 2402 lege

617 2411 750 2480 Domini
765 2405 943 2494 eruditum,
970 2415 1043 2478 vita
1057 2427 1088 2479 et
1107 2410 1255 2505 religione
1271 2406 1462 2505 conspicuum
1476 2461 1491 2500 ,
1522 2432 1642 2479 monem
1656 2407 1811 2501 honestate

618 2505 783 2597 decorum,
808 2531 844 2576 oc
860 2508 1034 2577 multorum
1050 2514 1212 2579 virtutum
1229 2509 1337 2576 titulis
1367 2507 1639 2597 commendatum,
1665 2506 1706 2578 de
1716 2527 1811 2603 proe-
1898 2538 1915 2555 ··

616 2605 775 2678 diuorum
801 2608 947 2678 Fratrum
972 2605 1144 2702 nostrorum
1169 2606 1317 2699 consilio,
1354 2628 1387 2677 et
1402 2606 1591 2703 Apoflolicoe
1608 2603 1812 2703 plenitudine

612 2704 794 2802 potestatis,
814 2725 875 2802 pro
892 2713 1006 2776 maiori
1021 2705 1313 2798 animorumsaluce
1327 2704 1530 2802 deputamus,
1556 2733 1592 2778 ac
1606 2715 1641 2777 in
1656 2702 1742 2776 ostio
1751 2701 1811 2779 do·

613 2813 711 2876 minio
737 2799 947 2876 Tartarorum
977 2813 1013 2874 in
1031 2803 1213 2900 Episcopum
1239 2802 1460 2899 offumpſsmus,
1495 2826 1527 2875 et
1543 2803 1753 2901 praefecimus
1776 2811 1814 2890 in

610 2905 780 2999 pastorem,
803 2904 923 2998 cibique
936 2901 1022 2994 conse
1044 2924 1155 2975 uenter
1162 2901 1304 2994 fecimus
1311 2925 1426 2974 munus
1441 2902 1677 2995 consecrationis
1686 2911 1808 2998 impen-

610 3000 665 3089 di,
689 3000 908 3096 constituentes
931 3000 1012 3086 tesu
1040 3023 1205 3089 rogantum
1222 3000 1654 3093 Arcbiepiscopisuprodilii‚
1687 3002 1749 3070 tibi
1756 3006 1805 3071 ni·

609 3101 801 3187 inluminas,
824 3091 1163 3187 etsuccefforibustuis
1177 3087 1338 3189 Episcopis
1363 3101 1398 3163 in
1422 3093 1673 3167 eodemdominie
1697 3119 1803 3180 conce·
1856 3106 1860 3110 ’

604 3196 739 3290 dentes,
753 3214 796 3266 ut
810 3193 953 3264 omnibus
968 3190 1142 3283 etstngulis
1153 3199 1291 3284 gratiis,
1313 3211 1346 3261 et
1362 3192 1610 3289 concefflonibus,
1642 3218 1724 3291 ques
1737 3217 1801 3266 noo·

603 3316 662 3390 per
675 3315 734 3389 per
748 3294 877 3363 litteras
892 3288 1011 3382 nollens
1016 3286 1182 3378 fratribus
1196 3287 1279 3360 dib'li
1289 3288 1430 3360 Ordinis
1454 3297 1491 3358 in
1507 3284 1609 3360 Terra
1632 3295 1800 3363 Saracena·

607 3417 699 3481 rum,
718 3395 932 3483 organorum,
957 3408 990 3456 et
1005 3388 1139 3457 alierum
1157 3386 1333 3480 infidelium
1343 3383 1626 3481 proficiscentibus,
1659 3386 1803 3459 sudori·

611 3479 869 3588 setempublica
884 3484 1036 3559 duximus
1052 3484 1282 3580 indulgendas,
1314 3480 1507 3557 callositate
1522 3483 1623 3582 nostro
1634 3486 1734 3558 'libere
1751 3495 1805 3557 uti

606 3590 707 3692 poffls.
755 3589 908 3663 Volumus
920 3595 1047 3686 itaque,
1068 3607 1103 3658 ee
1117 3587 1178 3657 eibi
1188 3594 1225 3657 in
1241 3582 1437 3681 remiffirnem
1451 3593 1644 3680 iniungimus
1662 3605 1804 3682 peccate·

607 3685 1145 3888 {ozellijz'iidlddl‘
1158 3682 1712 3884 {dimmittat-'2:1¹
1711 3689 1801 3878 22.

605 3890 736 3962 diuinae
748 3886 974 3963 beneditiooris
983 3895 1092 3981 gratia
1113 3884 1277 3982 adportes
1301 3884 1423 3957 eosdem
1447 3903 1480 3955 te
1493 3883 1701 3983 personaliter
1727 3910 1801 3956 con·

598 3988 712 4083 seres,
729 3990 941 4092 prepositurae
961 3985 1042 4063 inibi
1066 3985 1198 4062 uerbum
1218 3983 1389 4080 binim,
1413 4003 1515 4090 ponet
1529 3987 1675 4087 &bitur
1692 3980 1801 4104 fictili

1098 4157 1102 4166 .
1552 4141 1560 4148 -
1694 4104 1804 4180 mutto

2082 1258 2096 1305 Χ
