4859 5200
1047 500 1352 693 aaa,
1439 664 1440 669 ψ

619 775 659 844 'ut
680 770 856 843 reducentes
880 767 928 840 ad
951 765 1051 855 idern,
1077 766 1171 865 quod·
1188 771 1276 839 Dent
1297 775 1484 865 omnipotens
1500 764 1733 866 protoplaflm'u,
1757 799 1802 842 ue
1848 821 1849 824 ,

621 895 683 970 qno
696 897 797 943 amnes
823 873 958 939 baminer
976 888 1144 939 traxerunt
1164 875 1310 961 originem
1322 866 1441 959 suam,
1464 877 1498 940 in
1522 870 1688 940 enarrabili
1700 875 1801 938 maie·

614 973 695 1067 flate
698 972 875 1059 formauit,
901 974 983 1037 acin
999 967 1149 1061 terrestris
1164 968 1310 1062 paradfi
1326 967 1445 1037 deliciis
1474 972 1643 1054 coboeanit,
1667 989 1697 1037 et
1713 967 1803 1063 qnod

584 1134 589 1144 .
620 1071 701 1141 inibi
705 1070 768 1162 fibi
781 1069 853 1138 boni
878 1089 907 1136 et
922 1069 997 1136 mali
1020 1074 1148 1159 cognitio
1165 1067 1240 1137 data
1256 1069 1341 1154 luit,
1367 1089 1397 1136 et
1410 1068 1495 1164 quod
1516 1069 1583 1163 estis
1599 1066 1796 1158 adfimilitn·

621 1169 726 1240 dinem
742 1164 916 1261 Dei-fabii,
937 1165 1076 1263 qnodque
1090 1190 1230 1236 creamra
1260 1190 1321 1236 non
1328 1164 1425 1263 poffet·
1435 1166 1498 1258 suo-
1513 1170 1652 1237 Creatori
1659 1185 1717 1260 pro
1731 1191 1797 1235 me·
1854 1240 1859 1250 ,

619 1275 691 1337 titis
717 1266 906 1360 respondere,
932 1265 1054 1361 excuffls
1076 1273 1223 1360 primitus
1239 1293 1261 1335 a
1275 1267 1384 1359 vestris
1413 1267 1554 1337 cordibus
1580 1256 1743 1360 vepribus,
1765 1283 1795 1333 et

606 1372 735 1436 ‘urticis
743 1365 932 1435 damnabilis
946 1372 1095 1433 coecitatis
1112 1368 1197 1459 explo
1210 1393 1237 1434 u
1263 1364 1419 1451 manibus,
1443 1365 1561 1460 veslrae
1582 1365 1802 1457 intelligentiae*

618 1468 718 1536 oculor
734 1467 873 1547 elenetis,
899 1478 932 1532 'et
945 1462 1176 1548 cortfideratione
1194 1466 1349 1558 perspicua
1373 1471 1524 1557 cogitetis,
1550 1463 1636 1560 quod
1659 1461 1718 1556 ipse
1736 1485 1801 1530 vot·

618 1565 657 1634 de
672 1566 746 1631 limo
759 1585 860 1633 terrae
889 1570 1021 1647 creauit,
1048 1583 1080 1630 et
1094 1562 1194 1656 pascit
1219 1562 1345 1661 affidue,
1370 1590 1406 1633 nc
1431 1570 1543 1632 vinitit
1565 1553 1623 1658 per
1644 1559 1798 1645 eumdem,¹

617 1685 651 1733 et
677 1661 762 1756 quod
791 1687 860 1731 cum
883 1662 974 1746 vult,
998 1663 1158 1730 cuiuslibet
1182 1669 1283 1731 earnis
1302 1661 1452 1753 figmenta
1476 1659 1627 1760 diffoluit,
1650 1659 1798 1757 quodque·

607 1768 717 1854 sanae
724 1768 855 1855 paginae
880 1759 1047 1853 testimonio
1061 1760 1282 1856 comprobetur,
1307 1760 1391 1858 quod
1413 1769 1512 1831 omnis-
1527 1762 1661 1857 spiritut
1689 1757 1797 1847 Deum·

615 1860 745 1944 laudat,
771 1867 936 1954 omniaque
945 1866 1119 1929 animantia
1134 1880 1167 1930 et
1177 1864 1389 1941 inanimantia
1406 1864 1576 1932 Dominum⁴
1598 1859 1796 1947 benedicunt,¹
1873 1856 1877 1861 ’

611 1979 671 2055 pro
683 1959 773 2053 ipfine
788 1962 944 2029 Creatoris
957 1965 1129 2029 reuerentia
1147 1980 1182 2029 et
1199 1960 1327 2047 honore,
1353 1980 1385 2029 et
1398 1980 1435 2027 vt
1442 1961 1504 2051 fibi
1527 1958 1667 2030 reddatis
1681 1960 1797 2027 huma·-

614 2083 674 2131 nae
691 2058 897 2148 gratitudinis
918 2057 1123 2150 holocaustum
1149 2057 1184 2127 ob
1208 2057 1324 2150 nostrae
1344 2062 1603 2151 contemplationis
1629 2062 1791 2140 intuitum,

613 2164 670 2253 qni
683 2181 740 2224 etos
755 2151 794 2223 de
818 2164 896 2224 vitto
922 2176 952 2221 et
964 2180 1044 2223 vero·
1063 2163 1238 2245 coniungere
1265 2163 1417 2249 cupimus,
1444 2176 1474 2224 et
1499 2162 1593 2225 etiam
1615 2155 1792 2224 laboramus-

614 2255 710 2347 vestro
716 2253 814 2347 flatui
828 2275 858 2320 et
869 2252 965 2340 [almi
975 2252 1106 2348 prouida
1121 2252 1322 2342 confidentes,
1347 2252 1465 2323 eosdem
1489 2256 1745 2348 Archieptjcopnm
1760 2272 1791 2319 et

615 2357 764 2436 Fratres,
785 2359 924 2446 quotiens
938 2377 989 2422 eor
1005 2352 1051 2422 ad
1065 2378 1126 2422 vot
1148 2352 1302 2423 declinare
1327 2360 1505 2446 contigerit,
1526 2361 1659 2450 recipere
1676 2371 1794 2447 procu·

612 2460 693 2523 tetis.
715 2454 875 2520 humiliter
904 2472 936 2547 et¹
962 2452 1103 2545 benigne,
1129 2479 1196 2522 enm
1221 2452 1449 2542 honorificentia
1478 2458 1647 2540 renitenti,
1679 2473 1794 2545 eosque·

601 2552 741 2645 fincerae
758 2557 897 2621 caritatis
913 2550 1003 2648 offitio
1014 2551 1229 2648 pertrailetis,
1255 2573 1286 2621 et
1298 2551 1344 2622 ad
1351 2559 1503 2645 gremium
1524 2549 1710 2642 vrtiuersolis
1725 2550 1788 2620 Ec·

593 2650 712 2744 ¹clostat
738 2674 925 2723 cenum
938 2650 1089 2747 sponsae,
1110 2676 1209 2748 quam
1217 2651 1280 2745 suo
1340 2651 1503 2750 etiostfflma
1516 2652 1676 2745 sanguine
1698 2645 1791 2719 dedi·

571 2776 579 2786 ·
608 2758 721 2836 canit:
735 2772 824 2821 extra
840 2776 933 2846 quam
947 2751 1170 2846 verisacrifitii
1184 2775 1247 2822 non
1272 2671 1422 2846 edbotns,
1445 2760 1482 2822 ¹in
1496 2755 1628 2823 humilis·
1649 2770 1680 2819 et
1696 2769 1789 2818 verne

606 2858 797 2920 contritionir
806 2852 918 2954 spiritu
940 2852 1118 2934 redeuutes,
1141 2850 1320 2921 eorumdem·
1339 2852 1580 2943 Architpisc‘opi,
1606 2870 1698 2939 atque
1712 2850 1789 2918 Fra·

607 2967 692 3016 trum
709 2946 923 3031 stratonibus,
953 2946 1249 3032 praedicationibus,
1283 2967 1314 3009 et
1336 2946 1443 3008 uerbis·
1457 2944 1635 3028 palubribns
1661 2943 1792 3033 vigilem

604 3041 776 3136 praebeatis
792 3035 954 3120 auditum,
982 3057 1011 3102 et
1024 3034 1205 3105 intebebium
1221 3041 1366 3129 aperiatis
1387 3056 1510 3106 amnem
1522 3036 1568 3105 ad
1583 3037 1792 3107 ha'uriendunn

609 3167 648 3211 ex
664 3163 714 3208 ore
728 3137 857 3232 ipsorum
871 3135 967 3205 verba
980 3133 1110 3221 salutis,
1138 3155 1167 3203 et
1178 3160 1264 3231 quae·
1273 3152 1336 3228 pro
1354 3131 1471 3227 vestrae
1481 3131 1666 3229 perfebiione
1669 3130 1787 3225 salutis.

607 3239 786 3319 docuerint,
811 3234 1028 3330 instruxerint,
1054 3254 1084 3303 et
1101 3235 1367 3330 praedicanerint,
1392 3231 1509 3325 vestrae
1532 3235 1701 3302 memoriali
1726 3231 1785 3302 cel·

607 3334 834 3427 lalaefirmiter
859 3340 1061 3429 imprimatis,
1087 3356 1207 3404 mentes:
1224 3333 1382 3424 vestraset
1408 3332 1516 3418 corda,
1534 3331 1669 3426 studiosa¹
1680 3352 1784 3427 prom·

606 3435 742 3508 titudine
757 3432 947 3529 disponentes
958 3433 1003 3504 ad
1012 3431 1238 3530 srtst'tpiendam
1252 3429 1446 3525 saerifontit
1464 3440 1599 3526 gratiam
1621 3432 1784 3527 baptisma·

605 3540 667 3610 lem
683 3538 834 3630 legemque
859 3556 1066 3619 cutum,
1092 3534 1265 3606 doilrinam
1280 3535 1496 3624 Euangelicam
1516 3554 1546 3603 et
1553 3530 1653 3625 fidem
1671 3533 1788 3602 Carbo·

606 3640 696 3709 licam
722 3638 852 3705 Domini
878 3634 971 3728 nostri
995 3656 1094 3707 Ιεςν
1119 3656 1323 3720 cnulsnt,
1348 3657 1441 3730 quam
1468 3640 1520 3702 vti
1546 3640 1680 3704 omnium
1699 3628 1803 3724 fide·'

604 3741 682 3808 lium
708 3733 879 3826 Magistra,
897 3735 1030 3825 Eccltfia
1056 3738 1198 3807 Romana
1229 3755 1326 3820 tenet,
1351 3732 1567 3829 etpruedicat,
1592 3731 1687 3818 docet,
1704 3751 1785 3827 pro·

598 3836 730 3930 fitetur,
755 3855 786 3902 et
798 3834 904 3903 credit.
954 3835 1081 3905 Etenim
1095 3833 1243 3930 ipsafidet
1258 3835 1315 3928 est,
1334 3855 1393 3930 per
1411 3859 1503 3931 quam
1521 3840 1661 3902 innocens
1675 3839 1786 3902 anima.

608 3934 779 4020 Christiana
791 3954 951 4029 perpetua,
971 3935 1129 4030 postquam
1145 3936 1299 4028 alugnbri
1316 3956 1346 4004 et
1369 3936 1558 4030 corruptibili
1578 3936 1786 4002 bnatanitatie·

605 4054 723 4131 torpore
729 4033 835 4124 feeerit
847 4031 1010 4132 elilfiluta,
1036 4037 1182 4108 coelorum
1199 4035 1373 4125 agminibus.
1380 4037 1575 4108 aeternaliter
1589 4054 1784 4128 aggregatim,

1197 4135 1280 4227 (cc)
1305 4154 1324 4223 t
1745 4150 1780 4201 a
