4859 5200
599 744 761 839 peratione
773 753 813 809 et
822 735 1019 831 promotione
1034 727 1220 800 diuinorum
1236 716 1449 823 obsequiorum
1466 723 1513 799 aa
1524 747 1632 824 parter
1654 732 1737 832 ipsae
1750 765 1804 814 aa·
1825 775 1833 799 2

606 834 744 934 cedunt,
764 861 815 909 eos
842 832 879 905 ob
903 830 1048 904 diuinam
1070 850 1102 899 et
1126 830 1196 923 'Apo
1221 826 1318 896 olicae
1332 821 1422 916 sedis
1445 838 1653 902 reuerentiam
1675 828 1803 936 bedigne

605 947 755 1035 recipere,
777 953 945 1030 gratanter
961 925 1108 1027 amplebbt'
1115 983 1128 1023 ,
1144 935 1178 997 in
1204 922 1377 998 rrcfbionem
1393 947 1498 996 ectum
1520 934 1555 998 in
1562 927 1644 1022 fide,
1660 956 1692 1004 et
1707 962 1806 1034 tuq,

603 1042 721 1133 geticae
738 1034 929 1109 eruditionis
945 1028 1123 1104 aaronem
1148 1050 1226 1098 aare
1250 1022 1380 1115 audire,
1407 1048 1574 1124 eorumque
1590 1030 1812 1123 praedicatio..

606 1139 699 1208 nibus
700 1136 831 1229 firmam
840 1130 1058 1204 credulitatem
1073 1123 1269 1225 impendere,
1284 1122 1535 1220 fidemandr'tam
1545 1147 1577 1197 et
1585 1127 1737 1211 creditam
1745 1160 1804 1207 ve.

599 1235 678 1332 sbrie
686 1235 828 1332 operibus
837 1226 1144 1328 comprobaregr'atia
1151 1230 1215 1298 Dei
1223 1224 1268 1299 ad
1273 1250 1333 1296 vos
1338 1219 1561 1321 praeuenitnte
1576 1248 1609 1297 et
1615 1227 1808 1330 subsequen.

609 1355 653 1424 te,
663 1334 824 1430 efficaciter
830 1331 996 1428 studeatis.
1008 1332 1052 1410 Vr
1061 1348 1168 1427 antem
1183 1326 1276 1424 ipsus
1284 1323 1369 1418 sati
1372 1323 1475 1417 series
1483 1326 1574 1398 vobis
1576 1329 1705 1424 plenius
1716 1338 1808 1406 inno·

608 1433 723 1528 tescat,
748 1457 816 1505 eam
842 1433 934 1504 vobis
958 1449 1142 1514 annotatam
1189 1425 1380 1509 raebntibnr
1395 1423 1602 1525 destinamur,
1624 1454 1706 1528 qnae
1729 1435 1808 1509 talio

609 1533 659 1628 epi.
711 1534 757 1604 Er
774 1532 901 1631 quidem
917 1529 1071 1603 credimus
1080 1447 1228 1622 strnbutm
1246 1513 1442 1597 Trinitatem
1460 1528 1600 1616 Patren,
1622 1528 1756 1623 Filium,
1773 1555 1807 1606 ct
1913 1548 1917 1553 “

612 1635 767 1728 Spiritum
775 1630 945 1726 sonitum,
958 1652 1017 1705 cet.
1045 1629 1179 1726 Ideoque
1196 1622 1433 1717 vainerfitatem
1449 1624 1585 1718 vesbram
1606 1649 1753 1725 rogamus
1777 1655 1810 1706 ot

610 1733 776 1802 hortamur
799 1752 940 1817 attente,
972 1749 1128 1828 quatenns
1152 1722 1358 1796 meditatione
1371 1721 1487 1814 sedula
1513 1734 1701 1821 cogitantes,
1727 1733 1815 1830 qnod

604 1827 739 1922 sragilis
757 1827 797 1925 est
815 1849 846 1899 et
871 1828 986 1900 caduca
1009 1831 1164 1898 hnmanae
1189 1844 1325 1895 naturae
1350 1822 1509 1911 conditio,
1534 1827 1628 1919 plena
1646 1834 1811 1923 periculis,

610 1929 742 2024 exposta
761 1928 898 2021 onibus,
925 1926 1077 2023 instabilis
1088 1923 1192 2020 satus
1208 1930 1297 2011 eiue;
1320 1920 1545 2016 tanstderantes
1561 1933 1674 2014 etiam,
1691 1931 1806 2027 quoda

610 2028 676 2117 lege
695 2034 807 2097 mortis
818 2025 992 2098 mordentis
1019 2032 1122 2096 emnia
1144 2024 1253 2093 nullm
1277 2018 1478 2108 excluditur,
1499 2031 1638 2117 prompti
1654 2024 1809 2122 assurgite,

609 2123 728 2217 praesto
754 2148 814 2195 vos
830 2122 960 2219 offerte,
982 2144 1015 2193 et
1032 2129 1140 2218 parati
1146 2195 1148 2199 ,
1167 2117 1304 2190 accedite
1321 2117 1367 2187 ad
1396 2123 1586 2210 agnitionem
1619 2123 1814 2220 Christianae

605 2219 687 2312 fidei
706 2218 880 2310 etsalntis,
907 2244 987 2318 qnae
1006 2225 1163 2315 prouenit
1178 2242 1219 2286 ex
1233 2213 1428 2311 baptismatis
1437 2215 1654 2310 stcerarmnto,
1680 2223 1726 2295 ad
1737 2227 1811 2299 lau.

612 2317 683 2390 dem
700 2318 807 2390 diuini
824 2327 979 2407 nominis,
1006 2316 1185 2414 vesicaeque
1206 2314 1322 2412 stabatis
1338 2312 1537 2409 prosebbnm,
1562 2338 1835 2415 etaagmentnm'

605 2416 920 2514 fideisupredibbae,
947 2437 987 2487 vt
1004 2417 1085 2487 lucis
1092 2413 1172 2506 snae
1189 2410 1280 2484 radio
1297 2410 1509 2508 illustrativos
1517 2416 1654 2508 solerter
1668 2447 1812 2496 exercea.

613 2524 658 2587 tis
673 2516 718 2588 ad
735 2525 803 2604 eino
813 2515 897 2613 fines
913 2514 1118 2602 landabiliter
1135 2509 1352 2610 ampliandost
1377 2532 1418 2582 vt
1435 2513 1503 2610 post
1527 2522 1617 2606 vitae
1636 2518 1814 2619 praesentio

614 2615 779 2709 extrorsum
794 2634 919 2712 aporta
934 2615 1034 2708 insert·
1052 2615 1179 2686 liberati
1193 2621 1261 2685 eins
1271 2610 1360 2684 diros
1377 2621 1536 2687 cruciatus
1546 2636 1666 2713 poenas
1687 2645 1726 2692 ne
1735 2623 1816 2719 gra.

613 2715 751 2815 vtffmar
765 2722 913 2804 enitett'r,
938 2736 1084 2787 aeternat
1100 2710 1311 2783 beatitudinis
1319 2720 1462 2807 praemia
1473 2727 1634 2814 perpetuis
1656 2646 1817 2802 duratura

616 2814 807 2912 temporibus
823 2812 981 2911 adepturi.
1031 2815 1113 2888 Dat.
1132 2813 1234 2884 Attin.
1245 2811 1292 2883 X.
1304 2810 1552 2904 Kai.sebrnarii
1564 2837 1646 2890 anno
1660 2816 1776 2904 Xllli,

1067 3013 1133 3108 N.
1171 3013 1364 3110 LXVII.

661 3185 1190 3262 Exonon.1tnttmno
1223 3172 1298 3258 be.

718 3332 917 3391 tonanter,
939 3324 997 3379 cet.
1018 3306 1219 3379 Matfon'ano
1239 3308 1446 3381 lacobittrum
1459 3311 1592 3400 gratim
1610 3316 1644 3386 1„
1655 3319 1820 3411 ΜΨ

790 3419 873 3484 quoe
887 3398 1036 3488 perducat
1050 3397 1090 3465 ad
1102 3396 1238 3483 glorium
1254 3398 1289 3466 in
1302 3393 1420 3466 futuro.
1730 3467 1734 3475 ¹
1848 3437 1853 3442 .

629 3502 976 3678 Orcnmspefbionem
995 3547 1083 3596 tuam
1099 3548 1277 3614 monemur,
1304 3547 1464 3619 rogamus,
1488 3550 1522 3602 et
1535 3530 1700 3603 hortamur
1714 3553 1843 3612 arten..

716 3647 766 3713 te,
784 3646 816 3694 tt
833 3633 867 3697 t‘n
884 3624 1009 3697 domina
1042 3646 1147 3698 tatv
1183 3646 1391 3699 cantero
1407 3647 1467 3723 per
1481 3627 1826 3732 osperstontmsnipro·

629 3729 697 3825 riost
709 3725 870 3818 sanguinis
886 3722 1092 3814 obsecrantes,
1107 3744 1264 3822 quatenns
1279 3721 1448 3819 diligenter
1465 3727 1644 3822 attendent,
1663 3733 1748 3830 quod
1762 3735 1828 3820 tibi-
1959 3781 1963 3786 -
2015 3749 2019 3758 '

630 3829 739 3920 crescet
754 3822 798 3896 ad
811 3833 979 3912 meritum,
1004 3823 1127 3895 accedet
1148 3821 1337 3917 adgloriam
1363 3846 1459 3923 atque
1477 3826 1624 3921 samam,
1655 3832 1828 3927 fidorum
1965 3851 1970 3856 '

631 3928 690 3997 tibi
706 3919 832 4017 desuper
846 3926 974 4018 suerit,
999 3943 1040 3992 vt
1055 3943 1093 3995 tn
1113 3944 1145 3993 et
1157 3922 1292 4019 populns
1307 3924 1368 3996 tibi
1382 3924 1535 4017 subditus
1552 3927 1738 4003 direbbiont‘s
1751 3952 1829 4014 tuae

627 4023 730 4126 sudio
745 4022 789 4093 ad
808 4034 966 4100 vraitatent
983 4019 1121 4095 eiusdem
1136 4023 1304 4217 carbolith
1319 4042 1351 4093 et
1366 4026 1556 4122 uniuersalis
1573 4029 1709 4126 ecclefiae
1722 4054 1830 4114 rotter-
1846 4109 1849 4114 ,

1108 4133 1111 4140 “
1291 4126 1334 4217 v)
1714 4137 1831 4210 tamiri
