4859 5200
1174 654 1488 757 miscete·

736 796 911 967 §Ductor
926 819 1042 919 noq‘ler,
1058 826 1115 920 qui
1129 842 1243 893 vnum
1258 814 1300 914 esi
1320 837 1415 915 caput
1433 821 1572 914 corporis
1589 812 1704 916 orpslici
1720 796 1951 914 Ecclqiaflicae

803 927 960 1013 unitatis,
987 930 1082 995 iuxta
1095 919 1174 992 ilud
1189 917 1354 1015 Apsflsn:
1378 911 1657 996 Omneesumus
1674 938 1790 992 vnum
1815 939 1949 1016 corpus

739 1015 780 1092 in
799 1041 1026 1112 cnutsro,
1076 1017 1295 1117 inplentesuae
1317 1018 1450 1088 articulo
1462 1013 1742 1115 paffionis,''quom
1760 1016 1868 1115 subire
1892 1015 1949 1088 di·

633 1168 637 1181 »
735 1136 854 1214 gnatus
874 1119 932 1219 esl,
954 1144 1013 1219 pro
1032 1119 1137 1217 noslre
1162 1126 1360 1216 omniumque
1379 1116 1508 1209 salute,
1524 1115 1687 1212 figuranter
1715 1113 1806 1212 arose
1831 1119 1951 1210 legitur

736 1241 796 1316 pro
810 1223 869 1292 lcac
877 1222 936 1314 fili
946 1221 1122 1318 perplacita
1136 1227 1286 1291 unitate:
1314 1213 1429 1306 Volo,
1446 1225 1613 1314 inquiens,
1631 1217 1752 1311 Patet,
1768 1228 1808 1291 vt
1823 1237 1953 1291 omnes

742 1312 812 1395 fini
828 1340 946 1395 vnum
961 1317 1001 1393 in
1019 1313 1135 1393 nobit.
1178 1318 1227 1388 Et
1242 1340 1299 1387 nos
1318 1313 1464 1412 quidem,
1482 1324 1539 1414 qui
1554 1317 1630 1386 licet
1644 1323 1796 1388 immeriti
1808 1324 1952 1411 gerimus

744 1425 832 1491 vicc's
847 1427 916 1491 eius
930 1429 965 1493 in
982 1426 1098 1513 terris,
1113 1414 1253 1510 salutem
1269 1423 1447 1487 animarum
1464 1423 1499 1487 in
1514 1413 1638 1487 cossus:
1658 1417 1842 1487 oracionibus
1859 1413 1953 1487 diui·

744 1527 836 1593 nitus
851 1521 1047 1592 humilitatis
1068 1516 1187 1614 uoslrae
1211 1539 1302 1587 curce
1329 1513 1505 1612 commiffis,
1531 1523 1709 1587 accuratius
1735 1523 1952 1614 exquirentes,

746 1616 792 1693 ad
803 1610 965 1693 'unitatem
984 1626 1122 1692 omnium
1136 1624 1171 1687 iu
1191 1612 1392 1687 orthodoxae
1407 1613 1490 1708 fidei
1515 1617 1674 1708 veritates,
1685 1615 1754 1709 fine
1779 1641 1843 1714 qua
1858 1615 1956 1709 salus

750 1715 803 1813 ese
820 1744 883 1792 nou
896 1720 1012 1817 potes,
1037 1725 1073 1789 in
1092 1715 1367 1812 Ecthlaflicorum
1385 1712 1581 1807 consonantia
1600 1722 1722 1786 rituum
1737 1712 1953 1809 desideranter

748 1814 916 1913 afficimur,
937 1838 969 1888 ct
988 1839 1107 1915 quanto
1122 1824 1156 1885 in
1170 1824 1288 1886 vuionc
1305 1813 1485 1885 huiusmodi
1490 1814 1645 1908 finccrius
1661 1811 1864 1901 deleilomur,
1876 1836 1953 1886 tou·

749 1934 783 1985 to
808 1922 959 1988 nimirum
977 1914 1134 2009 intensus
1159 1912 1332 2012 quamlibet
1354 1922 1390 1984 in
1426 1912 1479 1983 ila
1515 1913 1723 2014 diffidentiam
1756 1912 1959 2010 detestamur.

750 2012 956 2114 ,Quapropter
988 2018 1189 2086 vehementer
1219 2011 1324 2085 dolere
1350 2020 1485 2108 cogimur
1506 2035 1538 2086 et
1557 2013 1698 2105 curlari,
1725 2039 1831 2085 curua
1854 2023 1960 2112 capite

741 2113 804 2210 suo¹
821 2118 957 2190 membra
973 2114 1129 2216 ‘quaedam
1144 2112 1312 2186 uideamus
1327 2108 1380 2209 effe
1397 2111 1519 2206 diuiso,
1535 2112 1677 2212 suaeque
1694 2113 1960 2209 diursonisdam·

749 2242 827 2293 num
845 2239 1008 2317 tamquam
1023 2213 1213 2310 mortificata
1231 2239 1294 2286 non
1304 2209 1457 2312 posumus
1476 2238 1539 2285 nou
1559 2215 1726 2311 plangere,
1750 2241 1804 2285 nee
1822 2211 1957 2302 sentire.

749 2318 878 2414 Nempe
899 2316 1152 2390 orthodoxorum
1169 2323 1323 2387 neminem
1340 2313 1495 2385 credimus
1513 2335 1570 2386 cet.
1603 2317 1663 2385 Cui
1681 2339 1752 2385 cum
1771 2318 1833 2386 Dei
1846 2323 1960 2408 gratia

753 2414 953 2514 dispennite,
980 2441 1044 2490 nou
1061 2415 1172 2513 noslris
1195 2423 1338 2503 meritis,
1355 2410 1580 2508 srecccdomus,
1600 2439 1797 2512 nequaquam
1805 2414 1876 2508 fine
1896 2414 1959 2486 do·

754 2514 1120 2615 lorepofflemuslintueri
1137 2522 1257 2587 ctanti
1281 2521 1392 2610 capitis
1418 2532 1540 2611 torpore
1563 2514 1699 2585 membra
1725 2510 1879 2613 quaedam
1904 2512 1959 2611 effe

754 2614 878 2713 diuisa,
903 2617 1056 2692 videlieet
1076 2619 1287 2689 Armeuarurn
1312 2618 1452 2687 Orientis
1476 2614 1659 2709 Ecclesiam:
1681 2612 1824 2708 seiuulla
1848 2637 1960 2713 nempe

751 2737 811 2815 per
834 2718 1078 2791 inobedientiam
1092 2743 1112 2788 a
1126 2715 1187 2810 suo
1217 2723 1316 2814 capite
1334 2714 1500 2812 spiritudi
1524 2722 1659 2812 eorporis
1672 2713 1960 2810 firnilificationem

756 2840 957 2913 nequaquam
969 2824 1161 2908 participat,
1187 2839 1256 2883 curn
1272 2814 1310 2883 al
1328 2823 1395 2882 eius
1417 2811 1450 2901 se
1456 2812 1658 2905 subtraxerit
1679 2824 1816 2888 unitate.
1867 2821 1958 2887 Haec

756 2911 909 3010 esligitur
922 2908 1069 2983 delirina
1086 2933 1180 3005 quam
1196 2929 1282 2980 tenet
1296 2928 1330 2979 et
1340 2907 1503 3005 praedicat
1511 2911 1709 3006 socrosaulla
1730 2919 1872 2987 Romana
1892 2918 1956 2988 Ec·

758 3013 804 3085 cle
826 3036 865 3102 a,
890 3036 970 3110 quae
988 3009 1081 3107 iuflos
1095 3007 1261 3104 uiuificot,
1281 3009 1420 3081 laleutes
1430 3008 1572 3106 slabilt't,
1590 3012 1685 3085 eorde
1697 3035 1823 3111 purget.
1867 3022 1959 3088 Haec

758 3111 890 3210 eslvere
908 3119 1066 3211 pugnanti
1088 3112 1133 3210 ely
1153 3134 1227 3201 eus,
1252 3136 1328 3181 arra
1345 3110 1493 3208 sponsae,
1512 3122 1688 3211 praemium
1706 3137 1738 3186 et
1766 3122 1958 3212 triumphus.

758 3217 860 3287 Docet
885 3213 1010 3311 insuper
1032 3131 1217 3310 laptissnum
1241 3235 1305 3283 non
1328 3208 1381 3305 ese
1403 3212 1605 3310 aliquatenus
1629 3215 1829 3307 iterandum,
1857 3239 1889 3288 et
1907 3242 1961 3290 eos

753 3322 815 3414 qui
826 3310 892 3411 post
908 3311 1092 3411 baptismum
1108 3320 1143 3385 in
1158 3332 1286 3411 peccato
1303 3310 1489 3384 relabuntur
1503 3339 1566 3387 non
1580 3314 1812 3413 baptizandos,
1829 3316 1892 3410 scel
1900 3339 1960 3416 per
2031 3382 2037 3389 .

757 3439 869 3488 ueram
898 3422 1126 3512 poenitentiam
1158 3412 1292 3507 suorum
1318 3409 1396 3510 pose
1427 3412 1569 3511 consequi
1601 3425 1729 3488 veniam
1750 3438 1959 3512 peccatorum.

756 3514 863 3609 ,Quod
869 3514 902 3609 β
914 3540 990 3587 vere
1003 3523 1200 3610 poenitentes
1214 3521 1248 3584 in
1266 3521 1399 3583 caritate
1422 3511 1635 3609 discesserunt,
1661 3539 1829 3615 antequam
1852 3517 1960 3614 dignis

752 3624 968 3711 poenitentiae
976 3610 1143 3705 sruilibur
1166 3611 1207 3681 cle
1232 3609 1387 3708 commiffis
1404 3609 1622 3703 satiseeerint
1644 3637 1676 3686 et
1701 3617 1828 3717 omiffis,
1851 3644 1959 3694 eorum

757 3721 882 3784 animos
894 3723 1005 3809 poeuis
1018 3717 1196 3811 purgatorii
1211 3709 1279 3806 pasl
1291 3729 1421 3779 mortem
1432 3721 1580 3806 purgari,
1606 3737 1637 3785 ee
1654 3716 1699 3787 ad
1711 3739 1827 3813 poenas
1842 3724 1960 3793 leuius·

757 3808 844 3884 modi
869 3814 1055 3884 releuandos
1074 3801 1210 3910 prodese
1234 3818 1279 3879 eis
1303 3808 1452 3905 fidelium
1475 3822 1625 3888 uiuorum
1642 3814 1816 3915 suffragiu,
1836 3822 1961 3912 scilicet

748 3909 926 4009 sacrfitia,
944 3913 1164 4011 eleemosynas,
1190 3931 1223 3982 et
1240 3910 1306 3981 alia
1318 3917 1452 4006 pictatis
1469 3914 1582 4010 officia,
1599 3943 1680 4013 quac
1696 3945 1715 3991 a
1725 3917 1877 4012 fidelibus
1896 3943 1958 4018 pro

757 4017 835 4087 aliis
842 4011 997 4111 fidelibus
1003 4010 1082 4106 fieri
1097 4011 1322 4106 consueuerant
1330 4010 1504 4104 secundum
1514 4018 1666 4107 Ecclesae
1679 4020 1834 4113 inslituea.
1886 4025 1960 4095 llo·

756 4138 828 4189 rum
842 4140 919 4187 vero
936 4120 1059 4188 animas
1075 4111 1209 4210 quipus
1226 4115 1462 4185 Sacramentum
1478 4114 1674 4213 baptismatis
1696 4120 1813 4192 nullam
1831 4132 1960 4200 omorino

1838 4236 1962 4317 peccati
