4859 5200
1038 628 1095 701 ut
1115 611 1141 710 ·)
1165 632 1229 714 139
1254 614 1271 700 (
1295 620 1354 693 t·

607 745 731 838 peccati
746 739 1136 824 macularnincurrerunt3
1160 738 1230 808 ilios
1248 744 1356 827 etiam,
1373 761 1454 845 quae
1462 737 1531 837 prs
1546 739 1814 849 contrabium

614 847 680 910 cati
703 838 877 928 maculam,
905 838 965 909 uel
976 836 1092 931 insuit
1108 857 1271 908 manenter
1296 837 1492 933 corporibus,
1519 841 1577 911 uel
1601 838 1719 933 eisdem
1732 869 1813 920 enu-

614 958 687 1028 tae,
705 935 787 1032 suut
796 957 966 1033 purgatae,
984 944 1020 1007 in
1036 938 1153 1008 coelum
1171 961 1244 1008 max
1260 943 1364 1032 recipi.
1415 939 1540 1009 Iliorum
1557 960 1663 1011 autem
1678 952 1812 1037 animae,

615 1046 724 1136 quiin
740 1039 870 1109 mortali
881 1056 1022 1133 peccato,
1049 1038 1107 1108 uel
1121 1061 1191 1109 curn
1209 1036 1276 1128 sola
1303 1038 1451 1130 originali
1472 1035 1658 1135 discedunt,
1682 1065 1756 1114 maor
1779 1050 1816 1118 in

615 1135 993 1307 retorsero
990 1134 1818 1335 profectomitissimum

604 1333 729 1430 fiasiico
745 1336 973 1423 Sacramenta,
983 1334 1107 1429 scilicet
1121 1333 1283 1430 Baptismo
1295 1392 1308 1424 ,
1320 1333 1363 1407 de
1376 1359 1437 1433 quo
1452 1333 1574 1408 diflum
1590 1335 1651 1434 esl,
1667 1338 1817 1432 aaran

604 1432 906 1526 seSacramentum
940 1432 1210 1528 Confinnationis,
1237 1433 1329 1532 quod,
1350 1454 1410 1530 per
1442 1458 1556 1508 manus
1597 1437 1819 1533 impositionem

616 1531 761 1628 Episcopi
779 1532 952 1625 coeffertur,
976 1529 1170 1625 chrismando
1188 1554 1314 1604 renatos
1328 1532 1508 1625 chrismate,
1536 1541 1571 1605 in
1596 1559 1689 1609 caeno
1705 1540 1818 1610 Domi·

617 1641 653 1701 ni
666 1650 725 1727 per
723 1629 830 1724 salum
840 1631 1039 1728 Episcopum,
1064 1634 1121 1702 uel
1134 1635 1330 1727 Superiorem
1346 1631 1409 1728 ipso
1434 1632 1604 1729 Antrsite,
1630 1635 1815 1728 consecrata.

615 1729 723 1801 Aliud
737 1729 777 1826 efl
794 1732 950 1802 Extremo
966 1727 1094 1819 unibio,
1120 1754 1200 1825 quoe
1215 1730 1256 1801 de
1271 1732 1356 1817 oleo,
1372 1750 1429 1826 per
1447 1731 1648 1829 Episcopum,
1676 1737 1735 1806 uel
1755 1739 1818 1809 Su·

610 1835 766 1924 periorem
791 1850 832 1899 vt
853 1830 1067 1925 praedicitur,
1091 1827 1271 1924 beneactio,
1305 1827 1541 1923 infirmantibus
1556 1830 1737 1933 seeundum
1761 1834 1821 1923 da-

620 1925 756 1999 lbrinom
774 1926 860 1999 beati
878 1953 925 2001 tn
939 1949 1061 2015 cont,
1079 1928 1338 2026 perprecbyteror
1352 1930 1527 2003 exhibetur.
1578 1929 1687 2007 Aliud
1702 1932 1820 2029 estEu·
1857 1920 1862 1929 ⁵
1961 1920 1968 1927 ⁸

523 2072 527 2079 ·
618 2026 789 2123 abacistae,
811 2026 898 2125 quod
913 2053 953 2098 en
967 2034 1076 2098 azimo
1093 2025 1216 2121 conficit
1243 2026 1350 2098 eodem
1366 2030 1510 2099 Romana
1528 2030 1683 2127 Etobesa,
1692 2050 1820 2104 tenerae

618 2144 650 2193 et
667 2124 779 2196 docent
795 2124 883 2221 quod
897 2123 1009 2220 inipso
1028 2127 1229 2195 Sacramenta
1240 2133 1336 2219 panis
1353 2150 1453 2195 verus
1466 2125 1768 2221 transubstantiatur
1781 2137 1819 2205 t’r't

619 2241 748 2318 corpur,
772 2243 803 2291 et
818 2230 932 2292 vinum
946 2229 982 2290 in
992 2220 1180 2312 sanguinem
1204 2225 1334 2292 Domini
1350 2221 1446 2316 nostri
1469 2245 1572 2297 rosv
1606 2248 1821 2320 cuntant,

614 2330 657 2391 'in
674 2346 734 2419 quo
744 2317 901 2413 firmiylcio
915 2327 951 2389 iu
968 2321 1063 2390 colice
1084 2344 1185 2416 oquae
1201 2318 1357 2389 modicum
1374 2329 1452 2392 uiuo
1467 2331 1634 2418 opponitur
1651 2326 1696 2398 ad
1717 2316 1817 2421 conse·

623 2429 793 2492 crationem
817 2423 977 2490 Domirrici
998 2416 1159 2512 sanguinis
1184 2417 1421 2496 celebrandamc
1456 2428 1505 2492 ito
1524 2423 1612 2520 quod
1633 2450 1688 2496 uec
1703 2451 1820 2524 aquam

615 2520 682 2616 sue
700 2527 796 2610 uiuo,
814 2544 869 2590 nec
882 2526 996 2589 vinum
1008 2517 1072 2610 sne
1087 2542 1171 2617 aquo
1184 2513 1295 2617 afferri
1311 2519 1421 2590 debere
1436 2519 1543 2593 eadem
1562 2524 1696 2621 Ecclesta
1703 2525 1821 2618 sorello

621 2620 731 2698 docete
757 2617 903 2720 quodque
919 2639 978 2716 per
987 2617 1196 2715 sumptionem
1221 2622 1318 2691 buius
1340 2623 1539 2694 Sacramenti
1551 2619 1735 2724 srnlbiffimi
1756 2646 1825 2701 tran·

614 2719 785 2815 frangitur
802 2728 955 2792 ieiunium
969 2745 989 2790 a
1004 2718 1159 2811 sumente.
1209 2722 1260 2791 De
1282 2727 1483 2812 matrimonio
1508 2747 1584 2795 vero
1608 2745 1712 2816 tenet,
1737 2726 1825 2825 qaod
1899 2802 1905 2810 ,

621 2847 677 2895 nec
694 2846 781 2893 unus
798 2829 854 2893 uir
870 2820 998 2915 insimul
1005 2822 1116 2915 plures
1130 2817 1260 2907 uxores,
1280 2843 1336 2888 nec
1352 2844 1419 2890 una
1435 2823 1550 2892 mulier
1564 2822 1676 2894 babere
1687 2829 1823 2921 peimit·

624 2941 715 2992 tatur
731 2921 838 3015 plures
863 2929 963 2990 uiroc.
1017 2916 1188 2990 Contrebia
1209 2944 1288 2989 uero
1313 2926 1514 2991 matrimonio
1537 2928 1623 2993 inter
1643 2923 1827 2999 caniunbbor

624 3043 725 3116 vique
741 3017 786 3089 od
798 3037 949 3114 quartum
964 3014 1241 3105 consanguinitatis
1257 3015 1393 3103 gradum
1409 3017 1556 3107 inclufiue
1571 3028 1654 3088 citro
1666 3020 1823 3118 dispensa·
1868 3022 1871 3028 ’

624 3129 740 3192 tionem
758 3119 893 3188 Romani
910 3108 1094 3204 Pontificio,
1118 3129 1176 3205 per
1187 3108 1328 3198 sanilam
1338 3112 1513 3183 Romanam
1538 3115 1707 3205 Ecclesiam
1721 3125 1824 3195 nula·
1947 3201 1949 3206 ,

525 3292 531 3304 ,
628 3238 720 3290 tenus
743 3236 816 3285 rata
831 3212 892 3306 seu
917 3213 1058 3302 legitimo
1083 3229 1293 3305 reputantur;
1311 3208 1421 3301 stoluto
1441 3235 1518 3281 uero
1542 3213 1607 3306 lege
1630 3226 1828 3294 matrimonii

623 3336 681 3414 per
696 3332 826 3384 mortem
843 3313 977 3381 alterius
988 3310 1156 3406 'coniugum
1171 3307 1330 3402 secundos
1346 3328 1378 3377 et
1393 3315 1508 3377 tertiat
1530 3331 1563 3377 et
1577 3311 1737 3408 deinceps,
1763 3343 1827 3392 nu.

624 3420 712 3513 ptios
728 3409 889 3511 succefflue
913 3411 1021 3480 licitas
1044 3409 1096 3503 esse
1119 3406 1218 3487 dicit,
1235 3408 1269 3501 st
1298 3403 1551 3501 impedimentum
1585 3413 1831 3492 canonicume'x

629 3511 721 3609 causo
738 3515 804 3584 alio
817 3536 880 3582 non
898 3507 1024 3605 obfisbot.
1076 3506 1181 3581 Alircd
1197 3505 1238 3601 esi
1254 3509 1490 3578 Sacramentum
1506 3510 1739 3604 Paenitentiae,
1809 3544 1828 3590 a

619 3614 794 3714 secundum
810 3609 1035 3709 institutionem
1051 3607 1189 3681 eiusdem
1205 3607 1376 3703 Ecclefioe,
1393 3605 1506 3704 fidelis
1532 3609 1666 3706 quilibet
1682 3542 1828 3714 corolla·

625 3743 687 3791 nus
702 3722 807 3789 omnia
821 3732 947 3810 peccota
956 3708 1018 3802 sua
1026 3709 1129 3803 semel
1141 3707 1187 3782 ad
1200 3716 1307 3780 minus
1322 3718 1359 3781 in
1374 3733 1457 3779 anno
1473 3705 1564 3780 debet
1575 3712 1738 3788 Sacerdoti
1747 3736 1827 3816 pra·
1965 3767 1968 3812 3
2082 3763 2085 3768 ·

620 3825 691 3916 prio
714 3813 867 3910 confiteri.
912 3814 1084 3907 Septimum
1100 3834 1177 3881 uera
1195 3813 1431 3882 Sacramentum
1450 3806 1491 3905 es
1498 3808 1591 3903 sacer
1607 3812 1705 3888 Ordo.
1755 3819 1825 3892 Ea.

627 3916 698 3989 dem
712 3924 824 4015 quippe
850 3915 993 3984 Romana
1019 3911 1153 4003 Ecclesa
1179 3930 1315 4008 quotuor
1340 3906 1474 4002 agnoscit
1499 3912 1645 3983 Minores
1671 3912 1826 4012 Ordinec,

630 4037 763 4116 quorum
777 4022 900 4111 primus
916 4011 976 4110 esi,
1003 4008 1080 4083 ordo
1091 4007 1235 4106 Ofliarii,
1242 4006 1403 4103 secundus
1410 4008 1563 4102 bellaria,
1586 4018 1704 4085 tertius
1719 4014 1831 4090 Eam

1271 4107 1362 4207 (stt
1730 4112 1828 4213 aba,
