4859 5200
943 584 1246 710 ‹tuffo-
1355 708 1363 721 ,

488 760 630 829 monitos
645 773 720 849 erga
731 758 921 853 pronitate,
956 774 990 822 er
1016 778 1089 847 ergo
1114 754 1349 849 impotentiores
1373 758 1537 847 mnnita
1562 751 1704 855 oppreffie
1826 788 1831 795 ·

481 855 687 950 fortiorum,
731 862 789 952 qui
813 859 930 925 volunt
955 856 1051 949 legent
1076 852 1250 947 iniustitiae
1266 853 1501 943 fortitudinem
1515 853 1613 947 suiorn
1638 852 1701 951 effe.

489 956 668 1049 Priscorum
683 962 862 1050 prontipum
872 963 930 1050 pia
944 965 981 1024 in
989 954 1100 1045 sonoras
1116 954 1209 1022 aedes
1224 953 1351 1044 largitio
1370 950 1416 1041 fit
1437 960 1501 1021 iam
1516 955 1636 1048 praeda
1643 953 1703 1049 fit·

489 1061 604 1150 srilego
619 1076 841 1152 tyrannorum,
854 1074 993 1149 ‚patrum
1006 1052 1211 1147 eleemosynae
1226 1053 1413 1148 plerumque
1430 1059 1466 1121 in
1476 1052 1622 1147 filiorum
1637 1063 1701 1127 ori·

419 1209 425 1221 .
489 1166 578 1227 totino
596 1175 842 1242 conuertuntur,
866 1175 901 1224 et
917 1162 952 1224 in
971 1174 1170 1247 augmentum
1194 1162 1351 1222 vitiorum
1367 1161 1507 1222 omnium
1522 1178 1536 1218 .·
1559 1150 1623 1244 snb
1638 1162 1701 1226 tri.

489 1255 576 1326 buta.
585 1275 616 1324 es
623 1253 783 1349 seruitute
800 1252 957 1348 redigitur
973 1255 1123 1348 templum
1139 1255 1227 1344 Deip
1259 1272 1292 1320 et
1300 1249 1416 1342 setnllo
1434 1252 1568 1343 Ecclefia
1577 1253 1700 1327 arberte

489 1363 624 1445 metris,
652 1379 734 1452 quae
743 1353 871 1447 surfirnt
890 1352 955 1450 est,
980 1352 1058 1447 fib
1074 1376 1294 1449 nonnusquam
1310 1359 1443 1422 exuitur
1458 1352 1578 1422 dotalis
1591 1362 1700 1449 priuis
1849 1399 1853 1405 ι

485 1454 568 1548 legio
586 1458 755 1529 libertatis.
828 1458 1038 1552 Propterea,
1072 1453 1234 1547 magnifice
1253 1461 1419 1548 princeps,
1435 1453 1471 1543 fi
1487 1460 1599 1540 νέκυι
1614 1455 1701 1527 nula

490 1557 552 1626 tibi
573 1581 682 1627 noane
700 1555 790 1655 pefflt
813 1555 1016 1649 aduerfitas,
1049 1552 1111 1646 faa
1132 1572 1174 1624 ut
1199 1554 1284 1625 nalo
1300 1551 1361 1622 tibi
1376 1552 1434 1621 vel
1450 1550 1700 1654 Cbrt'flianffrns

489 1681 583 1749 regno
600 1678 657 1726 tuo
677 1665 835 1753 iniquitas
847 1654 1037 1727 dominetur.
1096 1650 1359 1749 -Cloreotsenrper
1383 1651 1559 1745 iiifinotro
1572 1652 1701 1728 deuotio
1763 1648 1766 1655 ’

489 1765 573 1827 sirco
590 1755 698 1828 diuini
707 1759 818 1827 ‘cultru
834 1758 981 1827 tononn
997 1810 1010 1845 ‚
1043 1760 1166 1848 integro
1179 1755 1222 1845 fit
1238 1753 1422 1825 diuinorum
1437 1762 1586 1827 amitiitos
1601 1763 1700 1829 mini·

482 1855 641 1954 pirorum,
668 1882 836 1956 eorumque
852 1857 1087 1951 natefinontur
1098 1855 1173 1949 fieri
1189 1856 1289 1925 libera
1306 1910 1318 1943 ‚
1358 1872 1400 1924 vt
1408 1852 1520 1951 poffint
1535 1853 1588 1949 effe
1606 1881 1700 1931 tanne

488 1965 561 2028 nica
579 1967 616 2031 in
630 1957 859 2054 spiritualibus
881 1958 1104 2054 gubernaculis
1128 1954 1347 2043 ordinandis,
1380 1979 1417 2024 ot
1433 1953 1550 2024 exinde
1564 1954 1696 2047 utilitia,

489 2076 523 2125 tt
539 2055 699 2127 iudicium·
701 2060 790 2150 fiant
803 2078 862 2153 per
879 2066 983 2129 amnia
1001 2064 1149 2130 correctio
1158 2056 1250 2147 sedis
1266 2077 1350 2125 tuae.
1416 2054 1471 2121 Sic
1487 2060 1570 2122 enim
1578 2052 1698 2146 subtus

485 2152 585 2248 pedes
606 2173 679 2224 tuos
701 2176 882 2225 corruerent
903 2165 1049 2242 inimici,
1076 2155 1123 2245 fit
1145 2154 1373 2247 ipfit'creotura
1391 2168 1450 2244 pro
1468 2172 1501 2221 te
1517 2173 1627 2224 tantm
1642 2161 1697 2227 in·

377 2322 381 2329 ,
481 2250 627 2345 sensatos
649 2264 755 2348 operte
767 2253 943 2347 pugnabit,
967 2254 1014 2347 fic
1031 2251 1347 2348 Ecclefiaesubfiolia,
1375 2250 1587 2351 fideliumque
1601 2260 1696 2345 iuuo·
1734 2272 1741 2288 “

491 2359 579 2422 nino
604 2372 713 2423 cantra
724 2350 834 2447 -bofles
857 2351 1014 2451 quoslibet
1029 2372 1131 2423 tetum
1148 2375 1219 2421 cum
1234 2353 1305 2422 -Doi
1318 2352 1440 2423 ouxilio
1451 2355 1692 2447 praeualebunt.
1799 2426 1802 2431 .

490 2450 635 2545 ,Quodfi
648 2460 744 2523 etiarn
760 2450 930 2547 uslusto,
957 2474 989 2523 et
1004 2474 1045 2523 vt
1062 2450 1363 2546 iustificerisodlouc,
1392 2453 1494 2523 nihilo
1512 2464 1618 2525 ninus
1631 2457 1694 2528 oli·¹

487 2549 758 2726 ostitit
775 2551 1693 2751 :tarantinusasaron·
1738 2609 1742 2615 ·

799 2727 802 2738 .
1058 2712 1068 2746 p
1371 2709 1380 2724 ·
1443 2735 1461 2758 ,ἱ
1678 2695 1695 2718 ⁰

487 2761 587 2826 sionis
604 2754 776 2846 iudicium,
801 2753 865 2848 ssd
878 2755 922 2827 ad
936 2755 1177 2851 beatifit'otionis
1198 2755 1383 2828 indicium.-
1417 2779 1481 2828 non
1498 2755 1544 2828 ad
1560 2757 1696 2832 donnes

487 2879 559 2927 turn
575 2855 822 2947 incommodant,
840 2854 904 2947 sed
916 2858 962 2928 od
976 2861 1135 2928 cumulum
1146 2866 1377 2953 praemiorum,
1404 2865 1482 2956 quia
1498 2859 1555 2929 boa
1567 2868 1693 2957 proeti-

482 2974 583 3052 puum
601 2952 718 3027 donum
741 2959 805 3028 Dei
826 2958 866 3050 est
890 2958 1071 3049 beatificant
1089 2962 1270 3043 hominem,
1300 2958 1488 3048 milatus,
1514 2979 1557 3029 vt
1571 2967 1607 3034 in
1623 2953 1696 3034 turb

487 3054 672 3142 nonanus,
696 3074 730 3124 et
740 3072 800 3149 pro
815 3053 878 3149 ipso
893 3063 990 3124 etiarn
1003 3063 1175 3148 patiamur.
1230 3057 1313 3126 Saos
1323 3067 1498 3154 petitiones
1513 3079 1693 3161 tuos‚quar
1728 3107 1733 3117 ·

483 3153 653 3251 praefatus
668 3159 804 3225 nuntius
818 3176 858 3221 eor
881 3171 974 3246 porte
990 3174 1047 3223 tuo
1065 3153 1155 3224 nobis
1169 3154 1306 3245 obtulit,
1342 3157 1527 3228 audiuimus
1547 3185 1625 3232 aure
1639 3162 1693 3233 be·¹

486 3252 619 3339 ntuolo,
643 3272 675 3320 tt
688 3269 768 3345 quas
781 3268 841 3343 pro
856 3270 1003 3346 tempore,
1016 3273 1048 3321 et
1064 3254 1130 3323 loco
1145 3263 1329 3347 potuimus,
1352 3257 1398 3324 ad
1414 3253 1694 3348 traditionirefo'·

480 3348 609 3444 fectum
629 3347 782 3418 duximus
797 3345 928 3438 adfectu
945 3350 1150 3446 benignitatis
1166 3353 1284 3441 solitae
1307 3350 1534 3424 admittendas.
1609 3341 1716 3430 Nan¹

489 3471 595 3522 tomen
613 3448 707 3541 ferat
721 3447 850 3543 indigne
858 3448 1072 3537 sublimitatis
1098 3456 1198 3543 regiae
1213 3451 1353 3521 altitudo
1369 3508 1380 3540 ‚
1404 3453 1439 3546 fi
1452 3452 1492 3525 de
1505 3454 1587 3524 mille
1603 3455 1692 3528 balli·
1771 3515 1780 3526 ,

481 3551 652 3652 pariorum
663 3548 820 3643 fubfidio‚
847 3550 935 3648 quad
949 3578 970 3623 a
986 3551 1075 3622 nobis
1092 3557 1178 3626 inter
1195 3574 1298 3624 cetero
1308 3551 1486 3650 pullulasti,
1510 3565 1574 3625 noti
1590 3555 1630 3654 opi
1646 3545 1697 3630 etl
1829 3597 1834 3602 -

487 3653 588 3741 liei,
614 3675 675 3750 quo
693 3647 859 3750 requisisti,
882 3652 993 3725 ordine
1002 3651 1240 3747 fiotisfottorn:
1264 3663 1340 3752 quio
1357 3657 1458 3727 molto
1475 3663 1579 3733 maius
1593 3667 1692 3731 autri·

490 3755 570 3827 liunt
587 3778 627 3825 ex
641 3759 703 3840 iit,
729 3775 908 3851 quaenunt
924 3754 985 3823 tibi
1004 3782 1024 3825 o
1034 3754 1113 3848 sede
1130 3753 1304 3850 Apostolica
1328 3755 1563 3846 conceduntur,
1586 3759 1692 3834 aredi·

487 3877 558 3932 ntus
568 3874 808 3950 prouenturum.
884 3854 1060 3925 mnenon
1067 3845 1226 3951 piquidrrn
1242 3855 1394 3949 ecclesiam
1408 3878 1458 3928 tot
1468 3879 1618 3958 premunt
1626 3885 1691 3964 ‚atp-

489 3953 572 4034 duoe
589 3960 799 4050 occupationis
815 3953 978 4028 molinum
990 4011 1004 4039 ,
1045 3975 1155 4053 torque
1172 3979 1313 4049 grauun
1325 3956 1476 4050 'sarcinae
1498 3955 1689 4060 debitorunrg

431 4155 434 4162 Ι
491 4052 578 4157 quod
589 4062 821 4162 aequanimiter
834 4049 949 4160 offeqri
958 4053 1098 4150 dolensi
1113 4079 1183 4130 sun
1196 4049 1544 4160 normannnis,
1567 4059 1691 4137 storto
1822 4151 1827 4162 Ι

1084 4149 1131 4257 (i)
1597 4186 1694 4263 onera
