4859 5200
664 576 666 583 ’
785 704 801 717 ,,
922 572 1267 711 'armate

647 770 888 868 interpretatio.
1004 787 1007 793 '
1062 772 1068 858 Ι

531 876 729 889 *Q—

522 923 679 1018 diletis,
731 927 825 1004 bona
873 926 1045 1029 elargitur
1074 946 1155 998 rum
1179 919 1375 1000 altionem·
1389 926 1551 1006 mittebat
1574 929 1700 1031 odota·

454 1120 456 1125 Ι
540 1029 728 1103 altitudini
798 1032 1043 1128 populorum,
1076 1018 1385 1106 mentacaele'stia,
1413 1046 1448 1101 et
1465 1028 1509 1102 ad
1521 1028 1701 1110 honoran-

521 1130 754 1203 tnostrorum
775 1127 1045 1226 componendo·
1074 1124 1139 1197 dos
1156 1122 1266 1198 huius
1299 1122 1443 1201 sanetae
1470 1128 1559 1229 legis
1594 1134 1699 1209 mini·

340 1226 478 1306 cotxx.
519 1251 581 1300 um
611 1251 764 1326 operum
784 1228 941 1304 Maxime
970 1228 1042 1313 stu·
1073 1226 1179 1321 llros,
1195 1246 1315 1298 rerum
1332 1225 1519 1324 omnium,
1535 1242 1570 1304 et
1586 1254 1698 1307 aano-

527 1325 647 1417 iosus,
686 1326 847 1425 profudit
875 1325 1043 1405 direltio·
1072 1348 1138 1399 nae
1163 1322 1283 1422 regiae
1300 1322 1508 1426 adfignabat
1525 1329 1697 1428 prouisto·

500 1426 700 1527 uis'gradus
716 1424 1037 1518 decurrendos‚ob·
1071 1446 1176 1511 nem3
1201 1440 1295 1500 certe
1315 1430 1454 1501 caelum
1471 1428 1613 1505 mundo
1639 1431 1702 1506 tri-

512 1528 597 1627 equi
625 1527 708 1604 fecit
739 1543 932 1622 ventorum
960 1531 1038 1626 plu·
1069 1519 1149 1633 buit
1181 1523 1488 1635 pulchritudinem
1514 1543 1550 1604 et
1583 1529 1698 1628 perfe·
1801 1604 1804 1609 .

499 1629 712 1729 viarumque
730 1646 909 1729 tempora,
933 1651 1040 1702 mun·
1068 1621 1252 1715 ettonem,
1278 1640 1313 1699 et
1339 1625 1420 1701 ideo
1440 1624 1626 1705 liberaliter
1643 1656 1698 1709 rer

524 1753 586 1802 um
628 1730 846 1828 pacificam,
875 1726 1040 1803 homines
1069 1722 1252 1821 producit3
1295 1723 1360 1800 Hic
1390 1729 1465 1802 Rex
1492 1726 1696 1808 imitabatur

528 1829 608 1904 iunt
616 1831 654 1924 se
670 1855 811 1935 regere,
825 1854 878 1905 res
896 1827 1040 1929 polluat
1066 1827 1225 1914 caelum,
1247 1824 1376 1901 idcirco
1395 1844 1546 1909 nouerat
1560 1834 1652 1909 alere
1660 1849 1696 1910 et

521 1927 704 2028 isponere,
742 1929 821 2006 viui
855 1944 1040 2009 nonerunt
1065 1923 1367 2002 sustentaresuos.

520 2052 635 2120 orere,
662 2031 796 2107 mortui
815 2029 1036 2130 polluntlae·
1115 2029 1193 2102 Xll.
1211 2030 1285 2103 Rex
1313 2054 1430 2105 areu
1454 2052 1578 2105 crum
1607 2055 1693 2107 xrtr

509 2125 580 2212 ari,
614 2129 780 2221 operibus
832 2131 1037 2204 mortalium
1066 2153 1160 2199 vara
1187 2134 1266 2215 vv(
1274 2153 1497 2231 regnansanno
1510 2127 1692 2223 781.)odlo

519 2246 590 2295 ona
613 2225 708 2297 lama
746 2225 957 2322 respondet,
980 2251 1038 2298 na·
1066 2222 1232 2297 utebatur
1249 2224 1366 2297 modia
1384 2224 1428 2298 ad
1441 2226 1691 2321 praemiaiidos

495 2340 572 2396 tura
600 2322 761 2422 profudit
785 2350 829 2400 ex
858 2323 893 2399 se
924 2324 1033 2422 perfe·¹
1064 2319 1196 2409 bonos,
1239 2336 1274 2395 et
1308 2322 1532 2419 castigandos
1568 2331 1690 2406 malos.
1801 2398 1806 2411 ,

533 2421 674 2513 ionem,
694 2426 779 2523 quia
808 2426 946 2500 nollrae
969 2427 1036 2499 cla·
1064 2423 1187 2495 Nouas
1205 2418 1358 2496 rationes
1375 2421 1420 2496 ad
1431 2426 1688 2525 euangeliilla·
1793 2506 1798 2511 ,

508 2519 640 2602 issimae
657 2523 909 2603 doctrinata<
920 2524 1036 2625 potest
1063 2537 1141 2597 tum
1167 2520 1444 2600 instaurandum
1471 2548 1688 2624 promouen-

394 2702 397 2708 ,
517 2625 721 2725 egotiorum
750 2651 857 2727 opera
889 2625 1033 2726 perfice·
1064 2621 1409 2723 dumqueiostituit.
1425 2626 1598 2725 Regimen
1610 2628 1688 2729 ipli·
1804 2683 1808 2694 ·

505 2750 526 2802 e
559 2751 712 2829 magnos
735 2727 883 2829 largitur
928 2736 1035 2816 (rita
1062 2749 1104 2798 us
1139 2739 1213 2799 erat
1254 2722 1455 2799 admodum
1493 2731 1690 2820 excellens;

501 2829 562 2924 or)
592 2831 765 2904 Oominus
791 2856 873 2905 arra
903 2855 951 2903 εν
978 2856 1033 2903 riv
1061 2827 1241 2923 Rogamus
1271 2827 1388 2900 ileum
1412 2850 1476 2923 pro
1493 2826 1588 2928 ipso,
1612 2853 1688 2907 noo

489 2955 554 3004 aar
582 2955 634 3006 ao
659 2958 719 3006 ra
755 2958 810 3005 εν
828 2931 891 3026 (ess
916 2935 1033 3001 riticius
1062 2924 1484 3002 rerecundanterinhoc.
1529 2930 1688 3031 Magnae

465 3115 468 3122 Ι
497 3029 579 3130 ffirr'r'
600 3040 687 3102 intra
709 3035 844 3121 aulam)
872 3046 907 3101 et
928 3029 1031 3101 timul
1064 3026 1308 3115 virtuosam,
1338 3025 1501 3115 humilia,
1518 3030 1688 3127 pacificus

357 3170 422 3242 Col
514 3154 536 3202 ο
570 3156 663 3206 ram
700 3155 789 3204 cra
813 3154 872 3202 τν
904 3151 957 3199 ro
985 3151 1034 3200 sv
1062 3120 1262 3212 aldedus,
1281 3123 1450 3201 tolerabat
1468 3115 1688 3227 proximum,

424 3226 431 3242 ⁸
513 3228 603 3321 officii
633 3251 726 3298 extro
747 3231 853 3297 aulam
887 3226 928 3319 est
954 3237 1033 3296 titu-
1061 3220 1267 3297 abundabat
1291 3224 1459 3301 charitate
1489 3227 1534 3302 ad
1561 3255 1687 3308 omnes

487 3327 555 3417 lus)
575 3348 621 3395 xt
655 3350 764 3397 ritu
794 3349 924 3395 Cqu
960 3347 1028 3395 rti-
1060 3320 1686 3408 iuuandos,eibenefaciebatomni·

516 3448 546 3497 u
565 3425 668 3515 (alias
685 3425 803 3495 titulus
818 3421 908 3517 officii
923 3432 956 3492 in
973 3448 1027 3492 au·
1061 3418 1127 3491 bus
1155 3415 1376 3494 uiuentibus.
1407 3420 1505 3497 Haec
1528 3425 1579 3499 est
1604 3450 1686 3506 vera

497 3529 532 3615 a)
555 3524 707 3601 donauit
725 3521 945 3621 purpuream
967 3547 1026 3595 ve·
1058 3516 1135 3610 via,
1163 3521 1197 3596 et
1222 3515 1310 3593 scala
1338 3516 1483 3600 sanetae
1507 3522 1596 3625 legis
1618 3550 1684 3606 tto·

512 3654 569 3706 em
596 3622 766 3701 sacerdoti
790 3650 815 3699 v
841 3648 889 3697 av
907 3622 1023 3722 pacifi·
1055 3621 1160 3708 strae,
1187 3616 1302 3698 facere
1321 3636 1360 3697 vt
1377 3620 1505 3721 pluuia
1529 3642 1564 3702 et
1580 3626 1683 3709 venti

522 3732 609 3821 tori,
642 3725 792 3827 aliisque
814 3722 1025 3800 defideranti
1053 3720 1159 3798 solitis
1183 3720 1404 3822 temporibus
1444 3744 1682 3827 reuertuntur,

505 3857 572 3910 ene
609 3826 748 3919 facere,
792 3824 930 3900 bonum
959 3847 1019 3898 no·
1052 3821 1213 3900 mundus
1231 3819 1680 3923 litquieturbomiuesbe·
1743 3827 1748 3834 ’

479 3959 565 4012 men
598 3952 633 4008 et
663 3928 797 4005 famam
827 3924 916 4028 legis
941 3951 1021 4026 pro·
1052 3949 1098 4006 rie
1122 3920 1335 4025 gubernati,
1357 3949 1412 4003 ree
1435 3925 1600 4033 fingulae
1622 3957 1675 4010 re·

477 4029 678 4138 mulganti,
691 4031 859 4133 delonge
881 4025 920 4103 in
939 4052 1020 4104 vau
1049 4024 1109 4107 ete
1126 4021 1326 4126 dispofitae,
1337 4026 1504 4107 uiuentes
1521 4028 1614 4108 bene
1623 4031 1677 4109 vi·

756 4137 760 4144 '
1174 4135 1261 4205 Μ
1576 4146 1676 4227 vaot,
