4859 5200
447 746 449 753 -
488 691 547 782 rt‚'
571 689 618 766 nd
625 691 835 791 praefintiam
851 710 940 765 tuam
957 701 1043 768 intes
1061 714 1110 765 sot
1127 693 1268 782 labores,
1296 708 1330 761 et
1349 682 1443 764 uario
1472 697 1599 767 itineris
1612 697 1696 787 loto·

488 819 562 866 rum
569 794 750 887 discrimina
768 853 778 884 ,
804 817 837 864 et
853 802 939 864 inter
957 796 1066 890 longas
1083 816 1115 864 et
1131 802 1256 888 ignotae
1273 817 1346 864 oros
1357 796 1536 891 ¹quemlibet
1555 825 1575 867 a
1594 798 1695 894 nostro

373 914 378 923 ‘
487 892 767 990 loteretleslinare:
793 894 981 982 considerato
1002 916 1108 966 tomen
1128 893 1221 989 offitii
1235 891 1332 988 nostri
1346 893 1477 987 debito,
1500 917 1534 965 et
1550 918 1605 967 tuo
1612 919 1694 993 pro·

481 994 581 1090 pofito
599 1016 633 1064 et
647 1002 824 1066 intentione
835 994 985 1090 pensato,
1008 992 1193 1091 plaefatusn
1210 1018 1270 1066 ru
1281 1019 1292 1064 1
1303 1018 1375 1066 mr
1386 1017 1439 1066 rr
1450 1020 1480 1067 m
1498 995 1693 1071 medicumet

478 1091 681 1184 familiarem
694 1093 846 1188 nostrum,
874 1103 982 1164 uirum
999 1105 1118 1192 vtique·
1127 1093 1295 1186 discretum
1310 1091 1558 1188 circumspellum
1575 1115 1606 1164 et
1614 1116 1693 1191 pro·

487 1192 604 1263 vidum
621 1191 666 1262 ad
683 1213 770 1262 tuam
787 1193 1036 1297 magnitudinem
1052 1203 1211 1264 mittimus
1229 1192 1269 1263 de
1284 1215 1387 1266 ttsv
1414 1217 1438 1266 c
1449 1218 1510 1265 aa
1521 1215 1613 1268 ητα
1628 1203 1693 1265 mi·

375 1338 381 1367 ι
481 1289 662 1384 sericordio
675 1291 887 1386 cnfidenter,
915 1293 1043 1392 quodſs
1058 1295 1199 1364 volueris
1214 1300 1250 1362 iss
1273 1317 1307 1362 eo
1319 1293 1471 1388 prapastto
1489 1310 1521 1362 et
1543 1300 1696 1363 intentis·

489 1415 530 1460 ne
544 1390 718 1487 perfillere,
742 1415 837 1490 qoam
853 1414 903 1480 te,
927 1393 1100 1488 inspirante
1119 1396 1271 1481 Domino,
1298 1394 1500 1485 inteligisnus
1515 1389 1695 1487 consepsffet

488 1489 531 1562 de
547 1494 693 1561 articulis
709 1488 901 1587 Christianae
917 1492 1024 1580 Fidei,
1051 1502 1085 1571 in
1101 1493 1215 1589 quibus
1231 1511 1287 1577 tu,
1315 1512 1348 1560 et
1370 1499 1421 1560 tui
1437 1517 1457 1561 α
1471 1491 1563 1562 nolit
1576 1491 1615 1563 'di
1643 1511 1698 1564 tto'
1803 1536 1809 1547 =

452 1654 455 1659 .
490 1588 570 1663 dore
586 1590 762 1681 videmini,
782 1601 816 1660 in
830 1598 976 1689 proximo
990 1613 1048 1687 per
1064 1596 1128 1664 Dei
1146 1586 1388 1684 missiieordiom
1412 1590 1577 1679 eruditus,
1611 1592 1700 1664 nibil
1752 1592 1756 1601 ’

487 1688 617 1787 prorsus
637 1698 749 1763 timere
758 1702 895 1788 potesis,
923 1691 1009 1789 quod
1022 1692 1062 1761 de
1085 1717 1188 1762 errore
1215 1692 1388 1760 tuamve!
1413 1711 1541 1762 tuorum
1553 1691 1697 1783 salutem

490 1789 695 1886 praepediat,
721 1794 779 1863 vel
795 1800 829 1863 in
847 1793 938 1865 uobis
954 1816 1063 1863 nomen
1082 1791 1330 1888 Christianitatis
1350 1786 1485 1887 obfuscet.
1536 1794 1698 1886 Rogamus

494 1899 605 1989 itaque
639 1893 849 1963 excelentiam
875 1896 1026 1987 Regiam,
1055 1916 1214 1962 monemus
1236 1912 1269 1961 et
1292 1892 1455 1961 hortamur
1478 1899 1513 1962 iso
1536 1893 1698 1984 Domint‚·¹

496 2013 654 2085 quatenus
664 1991 804 2086 eumdem
822 2018 1026 2069 eastseevm
1038 2013 1097 2089 pro
1114 1998 1292 2064 reuerentia
1317 1992 1356 2073 Β.
1383 2016 1501 2073 vernt,
1520 2010 1553 2058 et
1573 1990 1697 2086 nostro,
1763 2006 1766 2011 “

486 2087 572 2178 ficut
590 2097 697 2159 virum
715 2093 871 2185 borrellum
882 2151 891 2176 ,
902 2093 1127 2182 discretusn‚et
1137 2089 1307 2186 prouiduns
1318 2109 1370 2175 ‚et
1381 2115 1401 2156 a
1418 2087 1623 2181 naslmlotere
1638 2086 1697 2179 do·-¹

490 2183 664 2278 limatum,
688 2188 796 2256 debita
812 2190 1002 2280 benignitate
1017 2199 1166 2280 recipias,
1194 2210 1226 2256 es
1242 2202 1440 2274 reuerentes,
1457 2208 1488 2255 et
1506 2185 1699 2286 deuoteper.

497 2279 628 2353 traties.
678 2284 763 2373 Eofi
777 2304 850 2355 tuoe
868 2289 1045 2353 voluntatis
1069 2285 1108 2374 esi
1126 2305 1157 2351 et
1171 2284 1336 2377 propositi,
1348 2285 1433 2375 ficut
1460 2284 1584 2357 omnino
1611 2288 1703 2360 decet

498 2379 573 2475 effe,
599 2401 640 2450 vt
657 2380 816 2452 erudiaris
836 2382 1006 2477 Apostolica
1022 2381 1185 2476 disciplina
1192 2380 1289 2475 super
1306 2384 1374 2469 bis,
1400 2410 1480 2478 quae
1497 2385 1579 2457 idem
1600 2412 1702 2461 eux·

499 2503 670 2555 ιιαανς
698 2507 737 2551 ex
754 2481 854 2576 nossra
872 2482 933 2551 tibi
949 2502 1041 2576 porte
1053 2500 1228 2577 proponet:
1253 2479 1352 2574 ipsum
1373 2480 1542 2577 diligenter
1565 2484 1702 2577 audias,

498 2602 533 2653 et
541 2578 706 2671 exaudior,
718 2604 750 2653 et
756 2581 904 2678 perfossus
911 2580 1057 2678 honestos,
1067 2603 1099 2653 et
1106 2584 1234 2652 litteras
1241 2602 1296 2651 tuo
1295 2580 1394 2676 figilo
1403 2582 1566 2676 lgilatos,
1584 2585 1702 2683 quibus

398 2677 402 2696 '
495 2682 685 2779 propositum
702 2703 734 2752 et
748 2684 947 2753 voluntatem
960 2680 1195 2781 tuampsfflmus
1206 2681 1495 2778 pleneeognoftert,
1513 2683 1620 2760 adnot
1627 2711 1704 2760 run

501 2781 564 2879 ipso
579 2790 793 2856 transmittas.
823 2784 1043 2881 Quinquants
1050 2782 1220 2875 sublimior
1239 2801 1270 2851 et
1286 2783 1538 2873 moiorbaberis‚
1554 2792 1703 2860 eominus

500 2883 542 2955 de
558 2882 686 2954 diuitiis
705 2905 736 2953 et
747 2892 891 2979 potentia
905 2904 963 2953 tua
980 2882 1104 2955 videris
1119 2882 1269 2978 inflatus,
1299 2901 1389 2953 tanto
1407 2884 1559 2957 libentius
1571 2895 1649 2978 'tom
1661 2884 1704 2959 de

499 2982 680 3080 contefflorn
699 2984 849 3074 Ecclefiae
866 2992 901 3052 iss
920 2983 1017 3072 Vrbe,
1044 3007 1139 3077 quam
1156 2991 1252 3050 etiam
1266 2980 1306 3050 de
1324 2983 1523 3072 conferendis
1546 2987 1706 3059 altaribus

503 3091 539 3152 in
557 3083 676 3174 eeclesia
690 3082 775 3154 beati
789 3106 809 3152 α
822 3104 878 3153 ατ
890 3105 936 3151 nt
963 3102 996 3148 et
1024 3104 1079 3151 eoo
1090 3104 1113 3150 v
1124 3104 1145 3151 ι
1157 3106 1190 3165 ι,
1207 3100 1240 3148 αα
1256 3079 1448 3179 lerosolymis
1466 3091 1500 3154 in
1520 3086 1641 3180 Etlesta
1649 3089 1706 3162 Se·

500 3181 627 3277 pulchri
643 3183 789 3265 Domini,
818 3198 849 3248 et
864 3185 899 3247 in
914 3178 989 3248 aliis
1011 3203 1092 3274 quoe
1116 3176 1192 3273 iufle
1215 3178 1415 3274 quoefierit‚'
1425 3180 1506 3274 suas
1525 3186 1709 3258 tutabimur
1738 3266 1741 3276 Ι

500 3284 672 3373 petitiones
687 3275 875 3363 admittere,
898 3296 930 3344 et
945 3275 1095 3369 efficacius
1114 3278 1286 3349 exaudiret
1303 3296 1434 3371 utpote,
1448 3289 1506 3376 qui
1519 3281 1709 3373 daiderium

506 3394 599 3444 tuum
613 3371 711 3469 snper
726 3374 800 3460 hoc,
818 3371 906 3469 quod
920 3377 1022 3443 mulso
1042 3373 1305 3446 commendatione
1316 3371 1445 3467 dignum
1455 3384 1588 3474 extitit,
1605 3380 1708 3452 modis

506 3473 676 3559 ammiror,
703 3470 818 3571 quibus
830 3469 1005 3565 secundum
1021 3476 1126 3544 Deum
1141 3467 1314 3568 possumus,
1344 3474 1494 3547 volomus
1507 3494 1710 3572 promouere,

506 3596 538 3645 eo
553 3596 643 3645 tuam
660 3594 692 3645 et
708 3593 835 3644 tuorum
852 3582 976 3643 animas
991 3572 1202 3669 desideramus
1218 3574 1354 3646 Domina
1377 3574 1572 3672 lucrifacere.
1618 3580 1714 3656 Data
1756 3591 1762 3602 '

506 3673 658 3752 Venerios
672 3682 707 3753 in
722 3674 890 3768 Riuotlto,
914 3682 1027 3778 quinto
1042 3671 1380 3776 Koleidosbtlobris.

1124 4069 1241 4183 (e),
1491 4127 1496 4136 =
1575 4073 1715 4167 mvl
