4859 5200
783 659 790 668 ,
926 569 984 666 'et
999 551 1030 651 Ι)
1053 574 1089 651 31
1116 552 1134 648 (
1159 556 1223 645 en-
1277 656 1285 663 ,

369 719 372 725 ·
463 698 505 760 vi
528 712 634 761 tamen
651 688 747 785 nosci
761 690 877 779 fient„
906 708 938 758 et
954 687 1123 777 tributarii
1146 687 1342 760 excellentiae
1358 681 1493 780 'noslrae
1542 680 1670 759 lnalia

441 788 601 886 ¹quadam
642 798 808 886 prouincia
849 788 953 885 nostra
976 798 1071 879 iuxta
1096 789 1252 862 torridam
1285 809 1400 860 zonam
1416 783 1496 878 sunt
1521 803 1665 866 ventres,

466 898 524 986 qui
557 891 666 987 lingua
684 889 787 987 nostre
804 889 1034 962 Salamandrae
1054 891 1236 962 dicuntur:
1261 887 1312 985 isss·
1327 909 1450 959 vermes
1472 874 1669 977 nonposunt

462 997 575 1063 viuere
602 992 676 1085 nist
692 1000 727 1062 in
743 999 824 1086 igne,
843 1012 877 1061 ct
894 990 1028 1082 faciunt
1037 993 1215 1088 pelliculam
1249 985 1424 1089 quamdam.
1444 989 1525 1056 circa
1557 979 1595 1072 se
1617 979 1667 1072 ſs·

463 1111 517 1160 cut
534 1093 594 1162 alii
611 1084 756 1176 vermes,
788 1098 846 1188 qui
863 1090 999 1182 faciunt
1011 1092 1172 1184 sericum!
1195 1095 1271 1162 boec
1284 1087 1464 1184 pelliculae
1479 1079 1666 1177 dominabus.

459 1191 581 1285 palatii
602 1188 697 1286 noslri
706 1187 844 1284 studiose
859 1211 1030 1286 operatur:
1053 1191 1179 1263 atinde
1204 1192 1352 1263 habemus
1378 1184 1490 1282 vesles’
1501 1202 1532 1255 et
1543 1200 1668 1277 pannos.

464 1287 510 1359 ad
530 1314 651 1360 omnem
669 1290 760 1381 osum
776 1292 974 1361 excelentioe
985 1291 1114 1386 nostrae.
1142 1290 1196 1388 lsli
1203 1300 1305 1389 panni
1322 1315 1384 1361 non
1403 1287 1462 1382 nis
1476 1294 1510 1357 in
1525 1292 1599 1374 ¹igne
1616 1300 1669 1351 oc·.

464 1387 549 1484 censo
556 1386 697 1478 sortiter
710 1389 865 1461 leuantur
878 1412 936 1465 cet.
966 1395 1139 1464 Neminem
1154 1392 1311 1463 credimus
1325 1412 1433 1487 parem,
1447 1387 1559 1458 babere
1574 1374 1671 1449 indi·

463 1495 579 1578 viciis,
594 1513 650 1560 nec
667 1497 701 1560 in
717 1515 847 1562 numero
857 1499 1011 1586 gentium.
1063 1492 1207 1585 Quando
1227 1500 1311 1564 enim
1324 1488 1369 1561 ad
1383 1488 1466 1558 bella
1483 1483 1673 1556 contrairi·

464 1594 559 1659 micas
572 1588 690 1685 nostros
703 1591 922 1685 procedimus,
942 1590 1108 1663 tresdecim
1126 1617 1231 1664 cruces
1254 1615 1384 1685 magnos
1398 1609 1431 1660 et
1449 1579 1602 1684 pretiosos
1612 1574 1674 1670 fo·

390 1779 393 1784 Ι
466 1688 535 1762 llas
550 1715 590 1760 ex
605 1714 682 1760 auro
708 1711 739 1760 et
755 1690 915 1789 lapidibus
926 1692 1071 1788 pictiosts
1087 1684 1123 1763 in
1132 1692 1267 1787 fingulis
1276 1688 1446 1788 palauslris
1462 1706 1537 1757 ante
1549 1679 1673 1775 faciem

336 1795 341 1802 '
465 1788 599 1885 uoslram
615 1798 740 1885 portari
748 1789 907 1883 facimus,
920 1813 1218 1890 etunomquamque
1232 1791 1370 1889 ipsarum
1370 1789 1552 1887 sequuntur
1564 1780 1674 1863 „decem

466 1891 564 1961 millia
581 1894 741 1979 militum,
767 1912 940 1963 occentum
953 1894 1050 1963 milio
1063 1894 1208 1991 peditum
1231 1914 1444 1976 armatorum,
1461 1889 1599 1977 exceptis
1612 1879 1676 1951 all·

468 1997 517 2077 is,
532 1999 590 2086 qui
604 1989 741 2080 sarcinis
756 2012 790 2062 et
804 1993 949 2065 curribus
972 2015 1004 2062 et
1019 1992 1171 2065 ducendis
1189 1992 1387 2064 villualibus
1403 1991 1561 2058 exercitus
1576 1976 1676 2071 δεμ·

470 2095 532 2154 tati
545 2088 633 2174 sunt.
684 2089 829 2180 Quando
845 2117 924 2162 uero
936 2094 1125 2185 ſsmpliciter
1149 2103 1350 2187 equitumue,
1388 2105 1463 2156 ante
1487 2075 1676 2183 maiestatem

468 2182 603 2276 nostram
614 2185 757 2279 procedit
774 2213 855 2256 crux
868 2191 972 2257 altera
989 2192 1074 2257 nulla
1088 2189 1237 2283 pillum,
1253 2213 1352 2284 neque
1365 2209 1461 2276 auro,
1479 2201 1581 2277 neque
1590 2197 1677 2270 gem·

468 2290 532 2354 mis
548 2303 684 2372 ornata,
697 2303 738 2353 vc
749 2281 869 2379 semper
884 2308 1031 2352 memores
1041 2286 1140 2376 fimus
1149 2284 1293 2383 paffionis
1310 2289 1440 2357 Domini
1459 2279 1554 2376 noflra'
1573 2296 1679 2348 rosv
1743 2306 1748 2325 .

472 2378 691 2470 cantent,
708 2403 740 2452 et
761 2408 822 2453 vas
839 2382 941 2454 volum
958 2409 1090 2453 aureum
1104 2386 1235 2480 plenum
1252 2405 1357 2472 terra,
1383 2403 1424 2454 vt
1447 2377 1679 2473 cognoscamus,

472 2481 560 2582 quod
573 2507 644 2555 care
661 2481 764 2578 noslra
782 2492 818 2552 in
830 2493 993 2580 propriam
1009 2484 1170 2577 redigetur
1186 2492 1357 2579 arigium,
1374 2482 1412 2555 id
1424 2480 1528 2572 eslm‘n
1544 2496 1679 2547 terram:

471 2607 503 2655 ct
527 2581 622 2655 aliud
637 2609 698 2655 vas
715 2606 896 2679 argenteum
907 2585 1038 2681 plenum
1055 2612 1134 2656 auro
1145 2607 1297 2683 portatur
1311 2607 1386 2658 arcte
1401 2609 1477 2670 nos,
1507 2600 1551 2680 ue
1572 2572 1682 2648 'omem

471 2685 665 2780 intelligant,
681 2709 738 2754 nos
754 2684 918 2756 dominum
936 2684 988 2780 ese
1003 2685 1248 2761 dominantium.
1277 2686 1429 2759 Omnibus
1447 2683 1587 2766 diuitiis,
1598 2699 1682 2777 quoe
1719 2699 1742 2758 q

463 2781 595 2877 suntin
614 2783 750 2871 mundo,
758 2783 1000 2883 superabundat
1016 2809 1048 2857 et
1069 2789 1230 2884 praecellit
1253 2786 1484 2883 magnificentia
1499 2781 1602 2878 neslro
1619 2797 1679 2851 eet.

472 2886 616 2980 Singulis
634 2894 729 2956 annis
744 2889 913 2981 vc'sltamus
928 2908 1038 2984 cerpus
1045 2887 1156 2981 flatelli
1191 2914 1249 2964 nn
1260 2914 1289 2963 N
1302 2917 1312 2961 t
1323 2915 1345 2963 t.
1355 2915 1377 2962 ι
1388 2911 1424 2961 ts
1451 2886 1620 2983 prophetoe
1643 2883 1682 2948 ln

473 2987 630 3084 Babylone
646 2985 788 3077 deserta,
814 3009 846 3055 et
863 3012 969 3057 omnes
985 2998 1102 3057 armati
1105 2987 1188 3080 sserrr
1200 3009 1331 3084 prepter
1356 3001 1440 3059 tiros-
1459 3006 1491 3056 et
1499 2983 1686 3080 serpentes,

418 3119 428 3126 ·
473 3092 531 3184 qui
544 3106 701 3156 uocantur
716 3083 888 3177 denterses.
939 3083 1039 3179 Apud
1053 3111 1111 3155 nos
1126 3096 1295 3182 capiuntur
1305 3087 1423 3183 pisces,
1449 3107 1585 3174 quorum
1603 3078 1685 3168 son·

468 3195 567 3278 guine
590 3193 761 3276 tinguntur
780 3204 950 3278 purpurea.
1000 3185 1204 3256 Munitiones
1229 3181 1376 3258 babemus
1403 3188 1542 3271 multas,
1572 3200 1687 3274 genter

468 3280 655 3377 fortiffimas
683 3299 715 3347 et
730 3277 910 3369 deformes:
936 3279 1137 3352 dominamur
1157 3285 1378 3354 Amazonibus
1396 3305 1434 3351 et·
1446 3292 1542 3350 eciam
1560 3281 1682 3351 Braclo·
1776 3323 1779 3328 -

474 3387 590 3448 manis.
616 3378 777 3446 Palatium
797 3400 895 3464 vero,
913 3377 1000 3474 quod
1011 3379 1368 3471 ¹inhabitatsublimitos
1384 3378 1505 3475 nostra,
1518 3377 1568 3448 ad·
1584 3373 1684 3471 insite

464 3474 714 3573 fimilicudc'nem
724 3477 865 3573 palatii,
881 3476 970 3576 quod
984 3483 1054 3578 Apo
1079 3480 1149 3549 olus
1169 3505 1194 3554 τ
1204 3502 1259 3554 eto
1269 3503 1361 3556 teas
1377 3479 1545 3555 ordinauit
1564 3501 1625 3554 ov
1636 3498 1682 3550 tc·

475 3600 664 3653 noeoao
682 3587 747 3674 regi
767 3573 937 3669 Indorum,
953 3590 1023 3652 ino
1059 3587 1177 3656 'inisse
1197 3580 1494 3680 reliquaslrullura
1505 3601 1563 3678 per
1578 3583 1685 3650 omnia
1706 3569 1712 3578 ⁵

468 3679 571 3773 fimile
586 3678 626 3775 est
649 3678 715 3756 elec
742 3682 911 3780 laquearia
927 3707 1004 3756 uere
1019 3702 1053 3754 et
1067 3688 1159 3776 tigrm
1172 3704 1208 3754 et
1228 3683 1365 3783 epistylia
1370 3685 1453 3777 sum
1467 3684 1506 3756 de
1522 3683 1621 3777 lignis
1627 3675 1682 3773 se·

474 3782 561 3878 tbym
571 3806 583 3847 .·
610 3801 794 3877 coopertura
810 3779 1080 3879 eiusdem'palatii
1096 3782 1136 3880 esl
1153 3779 1193 3856 de
1210 3786 1336 3877 bebcnp,
1344 3811 1385 3858 ne
1401 3787 1508 3885 aliquo
1524 3783 1595 3877 cosu
1606 3802 1683 3878 pose

465 3873 513 3973 stt
530 3879 678 3956 comburi.
715 3883 753 3953 In
770 3884 1031 3955 extremitatibus
1040 3883 1135 3981 stupra
1151 3888 1273 3958 nelmen
1287 3889 1405 3983 palatii
1419 3888 1500 3981 sunt
1515 3883 1578 3958 duo
1590 3905 1685 3979 poma

475 4003 595 4073 aurea,
611 4000 644 4051 et
661 3989 696 4086 in
714 4007 904 4086 unoquoque
919 3982 987 4060 duo
1003 3985 1215 4080 carbunculi,
1247 4008 1289 4062 uc
1312 4013 1425 4061 aurum
1438 3986 1634 4088 resplendeat
1647 3989 1688 4054 in

1581 4185 1588 4191 ι
1616 4080 1685 4176 dee,
