4859 5200
738 745 914 847 ternpore
928 763 1044 842 vsque
1059 736 1104 820 ad
1120 635 1262 833 anmml
1285 616 1522 820 liltleslnltlm
1537 692 1755 825 inTartaria
1774 743 1864 843 quid
1904 764 1943 825 e·
2005 728 2028 800 ·‘

742 848 844 963 stum
856 840 915 942 fit,
929 863 968 924 et
986 843 1069 942 quis
1085 836 1138 922 rei
1155 839 1383 925 Christianae
1401 838 1514 924 luerit
1531 841 1664 947 (latus,
1682 845 1853 929 rudiores
1868 769 1945 928 lde

742 949 847 1051 digna
863 967 946 1027 nou
973 961 1289 1026 commemorare
1465 967 1467 971 ¹

1283 1115 1446 1236 §.Vi

449 1334 457 1351 ·
559 1310 705 1400 pmpy.
745 1296 786 1312 '¹
857 1273 1013 1358 Saeculo
1026 1295 1119 1352 vero
1135 1272 1197 1351 xl.
1212 1271 1367 1350 incunte
1381 1271 1514 1372 ingene
1529 1271 1594 1351 reli
1622 1276 1662 1354 io
1685 1279 1711 1355 l.
1728 1290 1950 1369 culum

570 1419 623 1469 aer
649 1418 702 1468 ro·
749 1385 792 1466 in
814 1382 982 1461 Tartaria
1016 1371 1332 1488 emolumentum·
1354 1374 1454 1472 cepit
1483 1297 1620 1456 famoll
1636 1373 1736 1455 illius
1770 1376 1949 1478 principis

455 1528 457 1532 ·
572 1507 713 1561 narret.
748 1477 1017 1574 conucrlrone,
1043 1476 1108 1574 qui
1132 1473 1200 1553 sub
1224 1495 1382 1552 nomme
1404 1491 1731 1556 rnnsnrr‘renr
1763 1494 1951 1555 tonnu-

670 1611 673 1616 ·
752 1603 837 1669 ms
853 1580 938 1660 orbi
954 1597 1146 1678 europaeo
1164 1571 1351 1668 innotuit,
1377 1571 1424 1652 de
1481 1595 1535 1651 uo
1555 1595 1596 1655 vt
1615 1572 1742 1678 paullo
1763 1570 1952 1676 copiollus

751 1705 924 1788 agamus,
949 1700 1007 1758 res
1025 1675 1095 1776 ipfia
1115 1672 1283 1773 postulat.
1333 1675 1442 1790 Qrae
1455 1597 1506 1753 le
1521 1674 1599 1755 hoc
1613 1674 1783 1781 principe
1796 1676 1876 1754 eius
1903 1698 1951 1753 ue
1983 1712 2019 1749 ·.

749 1812 788 1867 et
806 1781 983 1873 nomine,
1006 1800 1044 1855 et
1062 1773 1266 1873 religione,
1290 1795 1328 1853 et
1345 1775 1458 1876 patria
1475 1771 1569 1855 olim
1585 1777 1789 1856 retulerunt
1804 1700 1901 1855 erul

751 1895 831 1968 ra'm
852 1881 947 1959 varia
974 1876 1079 1972 sunt,
1104 1896 1182 1955 tam
1197 1874 1454 2052 discrepantia,
1482 1897 1522 1954 vt
1538 1900 1669 1956 verum
1686 1877 1776 1976 quid
1790 1873 1833 1957 lit
1844 1898 1953 1974 atque
1982 1889 1984 1892 ·

752 2006 923 2077 certum,
946 1979 1011 2057 vix
1028 2000 1069 2056 ac
1087 1999 1135 2054 ne
1154 1976 1217 2051 vix
1234 1977 1297 2075 qui
1325 2000 1385 2054 em
1400 1973 1556 2056 definire
1581 1977 1778 2075 quisquam
1820 1972 1955 2056 otuiile

751 2087 932 2167 videatur.
996 2082 1140 2162 Verum
1165 2075 1269 2155 enim
1301 2097 1393 2155 vero
1430 2075 1684 2157 recentiorum
1716 1999 1956 2158 erueltorum

752 2181 1012 2276 cumitinera,
1035 2201 1117 2259 tum
1134 2175 1200 2255 alia
1218 2173 1347 2278 scripta
1368 2174 1701 2257 innumerabilibus
1729 2176 1957 2257 obseruatio·
2048 2258 2055 2265 ,

755 2288 864 2371 nibus
874 2282 1064 2373 historiam
1076 2275 1283 2380 presbyteri
1292 2297 1398 2357 rone
1408 2297 1508 2356 ntus
1523 2278 1574 2357 ita
1587 2275 1863 2376 illustratorum
1872 2277 1959 2358 lon·

703 2390 710 2397 '
755 2415 802 2493 ge
819 2381 1082 2485 tutiuS‚longe
1092 2378 1298 2460 accuratius
1313 2377 1360 2455 de
1376 2403 1425 2456 eo
1442 2373 1537 2456 ferre
1560 2378 1747 2464 iudicium¹
1758 2379 1869 2455 nobis
1886 2377 1961 2455 ho·

690 2498 693 2505 '
755 2492 815 2570 die
833 2487 951 2568 liceat.
1001 2476 1273 2559 increbescebut
1296 2473 1454 2551 farnaclo
1466 2473 1673 2572 presbyteri
1697 2492 1957 2552 roHANms
1985 2557 1989 2565 ,

755 2588 893 2690 opibus
909 2604 1017 2678 atque
1033 2576 1200 2677 potentin
1217 2571 1362 2653 lacculis
1379 2573 1600 2674 cumprimis
1615 2576 1690 2651 Xll.
1710 2596 1747 2651 et
1760 2576 1850 2653 Xlll.
1868 2576 1960 2654 Nar·

756 2689 906 2781 rabant,
929 2676 999 2760 elle
1018 2676 1226 2780 principem
1241 2670 1462 2775 quemdam,
1488 2672 1553 2771 qui
1579 2696 1660 2752 non
1679 2674 1798 2753 modo
1816 2694 1961 2756 cerur-

1898 1774 1954 1871 iti,

758 2792 847 2870 arr
874 2780 1118 2865 confiteretur
1142 2798 1307 2872 nomen,
1332 2771 1388 2853 sed
1415 2771 1488 2875 ipse
1509 2793 1663 2874 quoque
1688 2774 1887 2856 sacerdotis
1911 2797 1964 2857 at.
2099 2880 2103 2890 '

760 2912 835 2992 que
850 2880 1053 2988 presbyteri
1070 2900 1233 2955 munere.
1243 2870 1480 2976 fungeretur,
1505 2876 1823 2978 cumque-opibus
1839 2900 1877 2955 et
1893 2901 1963 2980 po·

760 2983 1049 3080 tentiarelinuos
1067 2974 1287 3059 lercomnes
1304 2975 1406 3055 orbis
1423 2996 1603 3055 terrarum
1616 2979 1801 3081 principes
1819 2975 1965 3078 supera-

718 3099 734 3156 ,·
764 3115 815 3171 re.
842 3089 921 3187 (a)
954 3086 1102 3162 Verum
1118 3077 1331 3158 dubitabant
1350 3100 1505 3169 omnes,
1533 3074 1682 3160 vbinam
1706 3101 1887 3168 terrarum
1914 3077 1966 3158 al·

648 3271 683 3281 .,
764 3212 823 3275 ter
845 3190 953 3269 hicce
981 3199 1261 3263 cnorsvs
1301 3198 1627 3275 commoraretur,
1669 3204 1740 3258 nec
1770 3179 1813 3257 ad
1843 3180 1966 3261 arebat

611 3332 615 3340 ¹
678 3339 684 3350 ,
763 3291 984 3397 quisquam,
1009 3283 1075 3383 qui
1098 3282 1179 3360 eins
1201 3277 1439 3362 domicilium
1461 3276 1651 3358 indicaret.
1730 3201 1881 3381 Duplex
1917 3303 1969 3361 ta·

765 3417 856 3478 men
871 3395 1042 3471 virorum
1059 3378 1265 3486 doliorum
1280 3382 1429 3463 animos
1445 3377 1634 3460 diuidebat
1652 3380 1840 3463 laurentia.
1857 3383 1967 3462 Non·

767 3492 862 3578 nulli
875 3492 977 3574 enim
1021 3484 1065 3565 ad
1081 3507 1179 3585 quos
1198 3480 1292 3564 fama
1317 3484 1364 3562 de
1378 3486 1480 3583 Rege
1504 3482 1738 3582 Aethiopum
1756 3481 1969 3574 Christianis
1998 3557 2001 3562 .

709 3605 717 3614 '
763 3597 871 3677 sacris
885 3545 1034 3670 addiilo
1055 3607 1294 3685 peruenerat,
1320 3608 1409 3661 eum
1432 3580 1616 3659 celebrem
1642 3578 1712 3657 elle
1737 3578 1845 3660 illum
1867 3600 1968 3682 pras·

764 3692 931 3798 lyrarum
972 3702 1258 3769 tonanuam
1298 3679 1492 3784 putabant:
1533 3676 1595 3757 alii
1624 3690 1725 3764 vero
1747 3684 1971 3765 latinorum

1877 3807 1974 3885 quo·

816 3929 866 4014 (a)
887 3924 1002 3991 Famae
1025 3917 1116 3986 huius
1145 3918 1270 4005 vestigia
1283 3912 1387 3982 adhuc
1402 3915 1480 3983 iuter
1492 3937 1550 3983 nos
1564 3917 1697 3995 exstare,
1712 3917 1821 3988 tritum
1844 3923 1926 4011 vulgi
1938 3944 1975 3991 o·

871 4012 981 4081 stendit
1001 4002 1207 4097 prouerbium
1231 4006 1269 4072 de
1288 3999 1465 4071 felicillimo
1483 4006 1661 4096 praslpteri
1682 4026 1838 4077 rounnma
1858 4031 1977 4100 regno,

858 4118 902 4186 ¹tt
914 4099 1032 4177 attium
1053 4111 1081 4164 tt
1095 4092 1136 4179 pn)
1150 4095 1180 4163 ia
1195 4091 1371 4175 ballomer
1378 4091 1533 4177 Sopatma
1547 4094 1691 4180 tutuno
1705 4093 1774 4169 ltltt
1788 4096 1816 4186 [o
1832 4095 1978 4186 annulat,

873 4190 921 4286 nia
935 4187 1011 4259 ulte
1025 4200 1054 4256 tt
1068 4183 1097 4258 in
1112 4187 1161 4255 pta
1174 4181 1294 4268 licitam
1309 4180 1468 4280 nattam
1479 4180 1578 4256 ittae.
