4859 5200
1035 603 1092 712 et
1119 587 1223 689 )132
1250 590 1270 686 (
1296 600 1353 671 it
1432 704 1435 709 ,

1063 785 1125 879 N·
1162 787 1307 880 LIII.

562 967 565 975 '
634 983 782 1051 onon.
802 977 1124 1047 auterannus
1154 957 1179 1040 l.
1200 964 1264 1042 cit.

683 1115 863 1168 ioannes
889 1109 946 1162 cet.
962 1089 1169 1161 Dilectofitio
1185 1090 1272 1158 fratri
1294 1110 1460 1159 annaeo
1490 1111 1690 1164 oonvttno
1712 1098 1802 1166 ordi·

754 1187 800 1251 nit
815 1180 947 1250 fratrum
963 1180 1235 1258 Praedicatorusn,
1257 1174 1359 1246 eleeto
1375 1176 1565 1248 Soitanienfi.

590 1309 766 1486 Pridem
779 1334 882 1424 gratis
899 1325 1052 1399 relatibus
1069 1321 1242 1414 intelello,
1268 1319 1357 1420 quod
1370 1322 1565 1418 inpartibus
1583 1324 1739 1416 Persidis,
1760 1345 1794 1398 et

680 1437 777 1505 terris
799 1433 874 1500 aliis
897 1426 1115 1523 circumpoſstis
1133 1481 1142 1514 ,
1163 1423 1226 1516 sub
1242 1431 1349 1516 magni
1366 1426 1567 1519 Imperatoris
1585 1420 1799 1500 luctatorum

590 1528 727 1631 Perfidis
745 1535 872 1627 imperio
890 1526 1083 1623 constitutis,
1109 1523 1238 1620 venusio
1253 1522 1401 1614 fidelium
1427 1544 1459 1593 et
1482 1527 1601 1596 nouela
1624 1529 1799 1624 plantatio,

590 1658 686 1734 quarn
702 1630 782 1703 inibi
796 1624 945 1727 plantasse
960 1620 1152 1720 dignoscitur
1168 1621 1378 1716 misericordia
1397 1622 1600 1714 caralitanis,
1633 1619 1798 1720 reg'ereera·

590 1754 626 1807 ta
640 1729 730 1804 vnda
748 1729 965 1825 baptismatis,
989 1750 1100 1796 nomen
1118 1744 1292 1795 uerteretur
1307 1721 1473 1817 Altifflmi,
1501 1745 1534 1794 et
1558 1725 1722 1823 inspiciens
1745 1729 1804 1799 lus

592 1857 656 1905 cem
673 1852 835 1924 magnam,
863 1828 985 1896 extollit
1003 1823 1155 1912 laudibus
1180 1823 1276 1920 noslri
1293 1831 1461 1918 praeconia
1485 1824 1723 1923 Redemptum,
1747 1837 1802 1899 in·

588 1950 715 2027 gentem
725 1924 913 2022 suscepimus
923 1932 957 1995 in
973 1922 1064 1995 corde
1079 1926 1259 1998 laetitiam
1283 1929 1371 1993 votis
1377 1921 1585 2011 sernentibus
1600 1925 1800 2025 affeiiantes,

594 2052 636 2105 vt
652 2037 763 2123 tritos,
781 2028 948 2119 autentis,¹
963 2028 1110 2114 honoris,
1128 2045 1160 2094 et
1170 2029 1297 2117 gratiae
1318 2024 1415 2092 titulo
1440 2022 1651 2119 effulgentes,
1672 2028 1717 2100 ad
1733 2031 1802 2100 tul·

594 2153 665 2205 trem
681 2128 817 2203 nouelae
835 2134 948 2199 vineae
964 2149 1060 2195 nesae
1076 2131 1159 2194 vitis
1174 2144 1327 2220 tanquam
1343 2123 1479 2193 cultores
1495 2126 1663 2223 industrios
1678 2151 1710 2200 et
1730 2151 1803 2226 ope·

563 2259 569 2273 ·
593 2239 698 2305 rarius
713 2247 920 2326 opportunos,
947 2249 1079 2323 quorurn
1096 2225 1215 2315 curiosa
1232 2218 1357 2298 cultura
1372 2222 1510 2295 eiusdem
1528 2237 1640 2299 vineae
1650 2232 1805 2326 palmites

594 2338 630 2405 in
643 2331 766 2402 ilatum
780 2334 924 2424 partium
941 2323 1147 2397 latitudinem
1163 2346 1266 2421 usque
1292 2320 1338 2393 ad
1362 2344 1517 2395 extremos
1539 2327 1622 2398 orbis
1648 2339 1803 2402 terminos

594 2432 663 2505 Deo
679 2429 860 2501 auxiliante
866 2423 1081 2520 succrescant,
1111 2442 1357 2520 peropportunae
1379 2421 1592 2506 solicitudinis
1610 2451 1641 2499 et
1663 2430 1802 2524 diligen·

596 2538 662 2605 tiae
670 2527 814 2629 studium
824 2546 1020 2624 poneremus.
1072 2526 1204 2622 Propter
1221 2521 1309 2621 quod
1321 2523 1430 2594 vilem
1446 2526 1670 2623 Saltaniensem
1688 2539 1722 2602 in
1740 2541 1804 2603 eis·

597 2631 669 2710 dem
684 2628 833 2728 partibus
847 2646 879 2699 et
896 2627 1036 2700 dominio
1059 2623 1280 2722 constitutam,
1302 2631 1387 2696 inter
1411 2627 1494 2697 alias
1522 2630 1617 2718 pilas
1641 2630 1804 2706 ditiorum

593 2738 756 2835 partium,
774 2728 949 2827 proutfiele
963 2725 1129 2821 dignorum
1145 2724 1239 2797 habet
1253 2721 1393 2819 affertis,
1411 2726 1572 2821 insignem,
1589 2733 1742 2824 nobilem,
1768 2756 1804 2805 ee

591 2827 769 2930 sarrensem,
793 2855 830 2898 ac
844 2828 1007 2896 habentem
1025 2827 1176 2920 populum
1204 2822 1374 2919 copiosum,
1399 2823 1441 2895 de
1455 2825 1604 2916 fratrum
1631 2832 1803 2928 neslrorum

600 2928 741 3021 confidit,
767 2946 800 2994 et
814 2920 992 3018 apostelicae
1003 2920 1211 3017 plenitudine
1218 2922 1402 3019 potestatis,
1417 2931 1454 2995 in
1469 2934 1632 3002 ciuitatem
1650 2955 1802 3032 metropa-

598 3028 735 3101 lioenanr
749 3022 903 3097 duximus
919 3019 1120 3117 ers'gmdam:
1144 3046 1183 3098 at
1204 3021 1251 3095 ad
1260 3023 1423 3119 personam
1442 3047 1552 3121 tuam,
1577 3028 1805 3129 euangelium·

600 3147 665 3202 tem
680 3134 716 3199 in
731 3126 795 3199 ilis
805 3122 953 3224 partibus
969 3122 1100 3195 verbum
1120 3123 1201 3213 Dei,
1221 3121 1262 3195 de
1279 3124 1551 3220 cuiussanliitate
1566 3142 1656 3207 vitae
1665 3138 1804 3227 ,'litera·

601 3253 673 3324 rum
682 3226 836 3322 scientio,
855 3246 888 3296 et
904 3225 980 3297 aliis
995 3224 1119 3321 copiofis
1138 3231 1303 3296 uirtutum
1321 3234 1446 3298 meritis
1461 3254 1573 3325 magna
1589 3237 1678 3307 nobis
1694 3259 1725 3309 et
1739 3248 1803 3312 eis·

600 3328 673 3406 dene
683 3327 850 3421 fratribus
855 3323 926 3421 fide
939 3325 1036 3422 dignu
1053 3323 1226 3416 eesiimonia
1234 3323 1317 3417 sunt
1340 3328 1462 3417 relata,
1486 3336 1591 3404 oculos
1616 3336 1804 3438 dirigentes,

581 3448 633 3503 ‘te
652 3430 784 3502 Ordinis
803 3427 1061 3502 Praedicatosum
1074 3424 1271 3523 profesorem
1289 3424 1329 3499 de
1349 3427 1483 3523 ipsorum
1494 3433 1644 3522 fratrum
1669 3442 1805 3538 confidit,

600 3552 633 3604 et
647 3527 752 3603 litiae
763 3525 927 3627 poteslatis
938 3527 1159 3621 plenitudine,
1183 3527 1336 3620 Ecclesiae
1351 3527 1456 3608 dillae
1471 3541 1615 3608 ciuitatis
1631 3547 1665 3611 in
1683 3545 1804 3617 Archi·

602 3630 773 3727 episcopum
782 3624 1221 3725 praefecimuset-paslareme
1246 3648 1400 3698 tutemet
1422 3630 1745 3740 administrationem,
1770 3669 1805 3720 et

592 3727 830 3825 solicitudinem
854 3735 1031 3799 animosum
1054 3732 1193 3796 omniurn
1219 3725 1416 3824 eoeisentium
1442 3738 1478 3805 in
1500 3736 1617 3811 eisdem
1637 3745 1810 3842 portibus,-

601 3851 683 3929 quae
697 3825 1029 3924 ssebduntuspmefati
1045 3826 1266 3922 Imperatoris,
1292 3853 1431 3905 necnon
1456 3857 1482 3910 c
1494 3850 1657 3915 anino
1685 3865 1716 3915 et
1733 3851 1804 3920 Ae.

604 3931 741 4025 thiopiae
759 3953 795 3998 ac
817 3928 927 4000 Indiae
955 3930 1075 4022 Regum
1094 3923 1155 4020 seu
1180 3929 1362 4027 Principum
1396 3931 1547 4008 dominiis
1555 3949 1572 4029 ‚'
1587 3943 1651 4014 eibi
1663 3948 1810 4040 plenarie

604 4036 855 4108 committentest
880 4027 1002 4128 tibique
1012 4026 1185 4134 exercendi
1199 4039 1324 4124 omnia,
1348 4056 1429 4132 quae
1445 4034 1490 4111 ad
1503 4046 1575 4112 ium
1592 4043 1808 4143 Aseiiepisco.

1250 4145 1257 4157 '
1718 4153 1811 4245 palio
