<?xml version="1.0" encoding="UTF-8"?>
<!DOCTYPE html PUBLIC "-//W3C//DTD XHTML 1.0 Transitional//EN"
    "http://www.w3.org/TR/xhtml1/DTD/xhtml1-transitional.dtd">
<html xmlns="http://www.w3.org/1999/xhtml" xml:lang="en" lang="en">
 <head>
  <title>
</title>
<meta http-equiv="Content-Type" content="text/html;charset=utf-8" />
  <meta name='ocr-system' content='tesseract 3.04.00' />
  <meta name='ocr-capabilities' content='ocr_page ocr_carea ocr_par ocr_line ocrx_word'/>
</head>
<body>
  <div class='ocr_page' id='page_1' title='image "./iolavrentiimosh00moshgoog_0182.png"; bbox 0 0 4859 5200; ppageno 0'>
   <div class='ocr_carea' id='block_1_1' title="bbox 658 595 1495 845">
    <p class='ocr_par' dir='ltr' id='par_1_1' title="bbox 658 595 1495 845">
     <span class='ocr_line' id='line_1_1' title="bbox 956 595 1264 701; baseline 0 -13"><span class='ocrx_word' id='word_1_1' title='bbox 956 615 1014 688; x_wconf 60' lang='lat' dir='ltr'>*a</span> <span class='ocrx_word' id='word_1_2' title='bbox 1041 597 1060 695; x_wconf 85' lang='lat'><strong><em>&gt;</em></strong></span> <span class='ocrx_word' id='word_1_3' title='bbox 1087 618 1130 701; x_wconf 82' lang='lat'>23</span> <span class='ocrx_word' id='word_1_4' title='bbox 1157 595 1176 688; x_wconf 81' lang='lat' dir='ltr'>l</span> <span class='ocrx_word' id='word_1_5' title='bbox 1203 604 1264 677; x_wconf 62' lang='lat' dir='ltr'><em>w</em></span> 
     </span>
     <span class='ocr_line' id='line_1_2' title="bbox 658 740 1495 845; baseline 0.002 -27"><span class='ocrx_word' id='word_1_6' title='bbox 658 740 891 845; x_wconf 70' lang='lat' dir='ltr'>basatpretasio.</span> <span class='ocrx_word' id='word_1_7' title='bbox 1063 743 1070 844; x_wconf 89' lang='grc' dir='ltr'>Ι</span> <span class='ocrx_word' id='word_1_8' title='bbox 1285 746 1495 843; x_wconf 78' lang='lat' dir='ltr'>Parapbrafis.</span> 
     </span>
    </p>
   </div>
   <div class='ocr_carea' id='block_1_2' title="bbox 360 891 1853 4095">
    <p class='ocr_par' dir='ltr' id='par_1_2' title="bbox 360 891 1853 2486">
     <span class='ocr_line' id='line_1_3' title="bbox 360 891 1708 1000; baseline 0.004 -31"><span class='ocrx_word' id='word_1_9' title='bbox 360 938 363 943; x_wconf 95' lang='lat'>-</span> <span class='ocrx_word' id='word_1_10' title='bbox 506 894 541 975; x_wconf 85' lang='lat' dir='ltr'>se</span> <span class='ocrx_word' id='word_1_11' title='bbox 556 921 774 1000; x_wconf 83' lang='lat' dir='ltr'>componere</span> <span class='ocrx_word' id='word_1_12' title='bbox 794 894 842 973; x_wconf 86' lang='lat' dir='ltr'>ad</span> <span class='ocrx_word' id='word_1_13' title='bbox 867 895 1052 977; x_wconf 82' lang='lat' dir='ltr'>veritatem</span> <span class='ocrx_word' id='word_1_14' title='bbox 1081 919 1154 986; x_wconf 81' lang='lat' dir='ltr'>mo,</span> <span class='ocrx_word' id='word_1_15' title='bbox 1173 891 1358 970; x_wconf 83' lang='lat' dir='ltr'>adscendit</span> <span class='ocrx_word' id='word_1_16' title='bbox 1374 891 1413 970; x_wconf 86' lang='lat' dir='ltr'>in</span> <span class='ocrx_word' id='word_1_17' title='bbox 1428 897 1541 972; x_wconf 85' lang='lat' dir='ltr'>altum</span> <span class='ocrx_word' id='word_1_18' title='bbox 1558 897 1640 975; x_wconf 85' lang='lat' dir='ltr'>solis</span> <span class='ocrx_word' id='word_1_19' title='bbox 1653 898 1708 975; x_wconf 84' lang='lat' dir='ltr'>in·</span> 
     </span>
     <span class='ocr_line' id='line_1_4' title="bbox 507 990 1709 1108; baseline 0 -34"><span class='ocrx_word' id='word_1_20' title='bbox 507 995 865 1108; x_wconf 69' lang='lat' dir='ltr'>testitudinemque‚</span> <span class='ocrx_word' id='word_1_21' title='bbox 905 998 1051 1074; x_wconf 82' lang='lat' dir='ltr'>manda·</span> <span class='ocrx_word' id='word_1_22' title='bbox 1080 996 1168 1085; x_wconf 81' lang='lat' dir='ltr'>star,</span> <span class='ocrx_word' id='word_1_23' title='bbox 1200 995 1388 1088; x_wconf 82' lang='lat' dir='ltr'>destruens</span> <span class='ocrx_word' id='word_1_24' title='bbox 1414 990 1640 1074; x_wconf 76' lang='lat' dir='ltr'>tenebrosum</span> <span class='ocrx_word' id='word_1_25' title='bbox 1670 1011 1709 1077; x_wconf 84' lang='lat' dir='ltr'>et</span> 
     </span>
     <span class='ocr_line' id='line_1_5' title="bbox 510 1091 1707 1194; baseline 0.003 -21"><span class='ocrx_word' id='word_1_26' title='bbox 510 1097 561 1173; x_wconf 87' lang='lat' dir='ltr'>vit</span> <span class='ocrx_word' id='word_1_27' title='bbox 577 1095 716 1172; x_wconf 81' lang='lat' dir='ltr'>tabulas</span> <span class='ocrx_word' id='word_1_28' title='bbox 741 1120 878 1194; x_wconf 78' lang='lat' dir='ltr'>engere</span> <span class='ocrx_word' id='word_1_29' title='bbox 908 1098 1050 1174; x_wconf 87' lang='lat' dir='ltr'>lucidis·</span> <span class='ocrx_word' id='word_1_30' title='bbox 1084 1096 1124 1170; x_wconf 90' lang='lat' dir='ltr'>in</span> <span class='ocrx_word' id='word_1_31' title='bbox 1141 1091 1309 1170; x_wconf 86' lang='lat' dir='ltr'>omnibus</span> <span class='ocrx_word' id='word_1_32' title='bbox 1335 1092 1556 1193; x_wconf 84' lang='lat' dir='ltr'>profundam</span> <span class='ocrx_word' id='word_1_33' title='bbox 1580 1097 1707 1176; x_wconf 84' lang='lat' dir='ltr'>vetita·</span> 
     </span>
     <span class='ocr_line' id='line_1_6' title="bbox 509 1192 1737 1296; baseline -0.004 -24"><span class='ocrx_word' id='word_1_34' title='bbox 509 1194 611 1272; x_wconf 85' lang='lat' dir='ltr'>fimas</span> <span class='ocrx_word' id='word_1_35' title='bbox 640 1193 746 1296; x_wconf 82' lang='lat' dir='ltr'>regiis</span> <span class='ocrx_word' id='word_1_36' title='bbox 784 1195 964 1296; x_wconf 84' lang='lat' dir='ltr'>scripturis</span> <span class='ocrx_word' id='word_1_37' title='bbox 990 1200 1051 1271; x_wconf 86' lang='lat' dir='ltr'>llo·</span> <span class='ocrx_word' id='word_1_38' title='bbox 1081 1215 1152 1273; x_wconf 83' lang='lat' dir='ltr'>tem</span> <span class='ocrx_word' id='word_1_39' title='bbox 1171 1192 1361 1271; x_wconf 86' lang='lat' dir='ltr'>stabiliens.</span> <span class='ocrx_word' id='word_1_40' title='bbox 1734 1206 1737 1211; x_wconf 84' lang='lat'>&#39;</span> 
     </span>
     <span class='ocr_line' id='line_1_7' title="bbox 510 1292 1707 1396; baseline 0.002 -25"><span class='ocrx_word' id='word_1_41' title='bbox 510 1292 699 1372; x_wconf 76' lang='lat' dir='ltr'>tentissime</span> <span class='ocrx_word' id='word_1_42' title='bbox 719 1293 1050 1396; x_wconf 84' lang='lat' dir='ltr'>fulgentes‚lmpe·</span> <span class='ocrx_word' id='word_1_43' title='bbox 1118 1292 1707 1392; x_wconf 67' lang='lat' dir='ltr'>XVll.Splendidill1musilleRetn</span> 
     </span>
     <span class='ocr_line' id='line_1_8' title="bbox 510 1392 1707 1501; baseline 0.002 -31"><span class='ocrx_word' id='word_1_44' title='bbox 510 1411 666 1501; x_wconf 74' lang='lat' dir='ltr'>satorum</span> <span class='ocrx_word' id='word_1_45' title='bbox 692 1392 910 1497; x_wconf 83' lang='lat' dir='ltr'>imaginibus</span> <span class='ocrx_word' id='word_1_46' title='bbox 937 1397 1053 1479; x_wconf 76' lang='lat' dir='ltr'>claris,</span> <span class='ocrx_word' id='word_1_47' title='bbox 1082 1394 1147 1495; x_wconf 90' lang='lat' dir='ltr'>qui</span> <span class='ocrx_word' id='word_1_48' title='bbox 1170 1393 1345 1472; x_wconf 82' lang='lat' dir='ltr'>vetiffime</span> <span class='ocrx_word' id='word_1_49' title='bbox 1364 1393 1707 1494; x_wconf 83' lang='lat' dir='ltr'>primusprimatutn</span> 
     </span>
     <span class='ocr_line' id='line_1_9' title="bbox 508 1493 1840 1596; baseline -0.001 -24"><span class='ocrx_word' id='word_1_50' title='bbox 508 1495 678 1572; x_wconf 80' lang='lat' dir='ltr'>limorum</span> <span class='ocrx_word' id='word_1_51' title='bbox 702 1496 989 1596; x_wconf 77' lang='lat' dir='ltr'>relplendentes.</span> <span class='ocrx_word' id='word_1_52' title='bbox 1013 1494 1054 1570; x_wconf 91' lang='lat' dir='ltr'>il·</span> <span class='ocrx_word' id='word_1_53' title='bbox 1084 1502 1224 1594; x_wconf 79' lang='lat' dir='ltr'>lteguni</span> <span class='ocrx_word' id='word_1_54' title='bbox 1242 1493 1328 1581; x_wconf 82' lang='lat' dir='ltr'>fuit,</span> <span class='ocrx_word' id='word_1_55' title='bbox 1348 1493 1707 1591; x_wconf 83' lang='lat' dir='ltr'>opportunitatevsus</span> <span class='ocrx_word' id='word_1_56' title='bbox 1834 1576 1840 1587; x_wconf 29' lang='lat'><strong>¹</strong></span> 
     </span>
     <span class='ocr_line' id='line_1_10' title="bbox 509 1592 1707 1698; baseline 0.003 -30"><span class='ocrx_word' id='word_1_57' title='bbox 509 1600 556 1670; x_wconf 83' lang='lat' dir='ltr'>las</span> <span class='ocrx_word' id='word_1_58' title='bbox 585 1594 707 1671; x_wconf 80' lang='lat' dir='ltr'>omnia</span> <span class='ocrx_word' id='word_1_59' title='bbox 742 1597 1049 1698; x_wconf 83' lang='lat' dir='ltr'>regnavaldeve·</span> <span class='ocrx_word' id='word_1_60' title='bbox 1083 1619 1231 1668; x_wconf 85' lang='lat' dir='ltr'>omnem</span> <span class='ocrx_word' id='word_1_61' title='bbox 1271 1592 1413 1669; x_wconf 85' lang='lat' dir='ltr'>sustulit</span> <span class='ocrx_word' id='word_1_62' title='bbox 1452 1593 1707 1691; x_wconf 84' lang='lat' dir='ltr'>difficultatem,</span> 
     </span>
     <span class='ocr_line' id='line_1_11' title="bbox 505 1693 1707 1796; baseline 0.001 -25"><span class='ocrx_word' id='word_1_63' title='bbox 505 1694 723 1773; x_wconf 81' lang='lat' dir='ltr'>necabantur</span> <span class='ocrx_word' id='word_1_64' title='bbox 756 1695 885 1796; x_wconf 88' lang='lat' dir='ltr'>populi</span> <span class='ocrx_word' id='word_1_65' title='bbox 928 1720 1053 1772; x_wconf 86' lang='lat' dir='ltr'>omnes</span> <span class='ocrx_word' id='word_1_66' title='bbox 1084 1698 1223 1770; x_wconf 85' lang='lat' dir='ltr'>caelum</span> <span class='ocrx_word' id='word_1_67' title='bbox 1242 1693 1433 1770; x_wconf 84' lang='lat' dir='ltr'>dilatatum</span> <span class='ocrx_word' id='word_1_68' title='bbox 1452 1694 1524 1786; x_wconf 83' lang='lat' dir='ltr'>est,</span> <span class='ocrx_word' id='word_1_69' title='bbox 1542 1708 1631 1771; x_wconf 84' lang='lat' dir='ltr'>terra</span> <span class='ocrx_word' id='word_1_70' title='bbox 1647 1721 1707 1774; x_wconf 86' lang='lat' dir='ltr'>ex·</span> 
     </span>
     <span class='ocr_line' id='line_1_12' title="bbox 506 1792 1707 1899; baseline -0.001 -27"><span class='ocrx_word' id='word_1_71' title='bbox 506 1793 778 1873; x_wconf 84' lang='lat' dir='ltr'>renouabantur</span> <span class='ocrx_word' id='word_1_72' title='bbox 803 1796 969 1873; x_wconf 88' lang='lat' dir='ltr'>homines</span> <span class='ocrx_word' id='word_1_73' title='bbox 987 1820 1045 1897; x_wconf 78' lang='lat' dir='ltr'>ge·</span> <span class='ocrx_word' id='word_1_74' title='bbox 1086 1793 1192 1870; x_wconf 82' lang='lat' dir='ltr'>tensa.</span> <span class='ocrx_word' id='word_1_75' title='bbox 1220 1793 1459 1872; x_wconf 82' lang='lat' dir='ltr'>Clasiffitnum</span> <span class='ocrx_word' id='word_1_76' title='bbox 1476 1792 1528 1871; x_wconf 85' lang='lat' dir='ltr'>est</span> <span class='ocrx_word' id='word_1_77' title='bbox 1546 1794 1707 1899; x_wconf 66' lang='lat' dir='ltr'>euange-</span> 
     </span>
     <span class='ocr_line' id='line_1_13' title="bbox 505 1893 1711 1994; baseline 0.004 -23"><span class='ocrx_word' id='word_1_78' title='bbox 505 1893 675 1990; x_wconf 77' lang='lat' dir='ltr'>liiebant,</span> <span class='ocrx_word' id='word_1_79' title='bbox 703 1895 763 1971; x_wconf 85' lang='lat' dir='ltr'>illa</span> <span class='ocrx_word' id='word_1_80' title='bbox 791 1893 956 1974; x_wconf 85' lang='lat' dir='ltr'>felicitate</span> <span class='ocrx_word' id='word_1_81' title='bbox 987 1922 1053 1985; x_wconf 82' lang='lat' dir='ltr'>so,</span> <span class='ocrx_word' id='word_1_82' title='bbox 1085 1893 1711 1994; x_wconf 75' lang='lat' dir='ltr'>tiumnostrum‚quodregn0m</span> 
     </span>
     <span class='ocr_line' id='line_1_14' title="bbox 508 1993 1710 2094; baseline 0.001 -24"><span class='ocrx_word' id='word_1_83' title='bbox 508 2022 626 2084; x_wconf 74' lang='lat' dir='ltr'>cvii,</span> <span class='ocrx_word' id='word_1_84' title='bbox 660 1995 767 2073; x_wconf 86' lang='lat' dir='ltr'>rediit</span> <span class='ocrx_word' id='word_1_85' title='bbox 790 1995 920 2072; x_wconf 82' lang='lat' dir='ltr'>iterum</span> <span class='ocrx_word' id='word_1_86' title='bbox 939 1995 1037 2094; x_wconf 79' lang='lat' dir='ltr'>impe</span> <span class='ocrx_word' id='word_1_87' title='bbox 1086 1996 1223 2070; x_wconf 87' lang='lat' dir='ltr'>illatum</span> <span class='ocrx_word' id='word_1_88' title='bbox 1248 1996 1321 2085; x_wconf 82' lang='lat' dir='ltr'>est,</span> <span class='ocrx_word' id='word_1_89' title='bbox 1355 1993 1540 2070; x_wconf 84' lang='lat' dir='ltr'>afferendo</span> <span class='ocrx_word' id='word_1_90' title='bbox 1574 1993 1710 2074; x_wconf 62' lang='lat' dir='ltr'>doari-</span> 
     </span>
     <span class='ocr_line' id='line_1_15' title="bbox 509 2091 1853 2195; baseline 0.004 -30"><span class='ocrx_word' id='word_1_91' title='bbox 509 2094 654 2169; x_wconf 80' lang='lat' dir='ltr'>taturiae</span> <span class='ocrx_word' id='word_1_92' title='bbox 673 2095 863 2176; x_wconf 75' lang='lat' dir='ltr'>maiestatis</span> <span class='ocrx_word' id='word_1_93' title='bbox 899 2096 1053 2195; x_wconf 82' lang='lat' dir='ltr'>dirigere</span> <span class='ocrx_word' id='word_1_94' title='bbox 1085 2091 1708 2193; x_wconf 55' lang='lat' dir='ltr'>nanneten„eugenduprovi·</span> <span class='ocrx_word' id='word_1_95' title='bbox 1756 2124 1761 2134; x_wconf 67' lang='lat'><em>¹</em></span> <span class='ocrx_word' id='word_1_96' title='bbox 1795 2102 1801 2109; x_wconf 84' lang='grc'><strong>’</strong></span> <span class='ocrx_word' id='word_1_97' title='bbox 1847 2184 1853 2193; x_wconf 43' lang='grc'>,</span> 
     </span>
     <span class='ocr_line' id='line_1_16' title="bbox 508 2188 1773 2288; baseline 0.002 -23"><span class='ocrx_word' id='word_1_98' title='bbox 508 2188 650 2265; x_wconf 83' lang='lat' dir='ltr'>cursum</span> <span class='ocrx_word' id='word_1_99' title='bbox 668 2189 857 2287; x_wconf 81' lang='lat' dir='ltr'>imperialis</span> <span class='ocrx_word' id='word_1_100' title='bbox 868 2191 916 2262; x_wconf 92' lang='lat' dir='ltr'>sol</span> <span class='ocrx_word' id='word_1_101' title='bbox 939 2218 1052 2288; x_wconf 80' lang='lat' dir='ltr'>pepu·</span> <span class='ocrx_word' id='word_1_102' title='bbox 1087 2191 1142 2264; x_wconf 83' lang='lat' dir='ltr'>uis</span> <span class='ocrx_word' id='word_1_103' title='bbox 1161 2205 1196 2265; x_wconf 86' lang='lat' dir='ltr'>et</span> <span class='ocrx_word' id='word_1_104' title='bbox 1213 2188 1399 2268; x_wconf 60' lang='lat' dir='ltr'>defundis</span> <span class='ocrx_word' id='word_1_105' title='bbox 1415 2194 1493 2267; x_wconf 91' lang='lat' dir='ltr'>loco</span> <span class='ocrx_word' id='word_1_106' title='bbox 1516 2189 1588 2270; x_wconf 85' lang='lat' dir='ltr'>fuit</span> <span class='ocrx_word' id='word_1_107' title='bbox 1609 2192 1711 2271; x_wconf 87' lang='lat' dir='ltr'>navi·</span> <span class='ocrx_word' id='word_1_108' title='bbox 1745 2214 1773 2267; x_wconf 80' lang='lat'>·.</span> 
     </span>
     <span class='ocr_line' id='line_1_17' title="bbox 509 2285 1711 2387; baseline 0.006 -24"><span class='ocrx_word' id='word_1_109' title='bbox 509 2288 549 2364; x_wconf 84' lang='lat' dir='ltr'>lil</span> <span class='ocrx_word' id='word_1_110' title='bbox 566 2285 747 2381; x_wconf 77' lang='lat' dir='ltr'>tenebras,</span> <span class='ocrx_word' id='word_1_111' title='bbox 771 2286 944 2362; x_wconf 77' lang='lat' dir='ltr'>felicitatis</span> <span class='ocrx_word' id='word_1_112' title='bbox 971 2314 1054 2362; x_wconf 83' lang='lat' dir='ltr'>aura</span> <span class='ocrx_word' id='word_1_113' title='bbox 1087 2286 1316 2386; x_wconf 77' lang='lat' dir='ltr'>giizomnem</span> <span class='ocrx_word' id='word_1_114' title='bbox 1330 2287 1711 2387; x_wconf 81' lang='lat' dir='ltr'>felicitatemexaltans‚</span> 
     </span>
     <span class='ocr_line' id='line_1_18' title="bbox 512 2384 1711 2486; baseline 0.004 -21"><span class='ocrx_word' id='word_1_115' title='bbox 512 2385 715 2466; x_wconf 86' lang='lat' dir='ltr'>eliminauit</span> <span class='ocrx_word' id='word_1_116' title='bbox 729 2384 899 2479; x_wconf 68' lang='lat' dir='ltr'>audiam,</span> <span class='ocrx_word' id='word_1_117' title='bbox 915 2386 997 2463; x_wconf 86' lang='lat' dir='ltr'>fecit</span> <span class='ocrx_word' id='word_1_118' title='bbox 1015 2388 1054 2462; x_wconf 88' lang='lat' dir='ltr'>il·</span> <span class='ocrx_word' id='word_1_119' title='bbox 1086 2385 1247 2486; x_wconf 87' lang='lat' dir='ltr'>quietem</span> <span class='ocrx_word' id='word_1_120' title='bbox 1264 2386 1365 2463; x_wconf 81' lang='lat' dir='ltr'>dedu</span> <span class='ocrx_word' id='word_1_121' title='bbox 1376 2388 1545 2465; x_wconf 79' lang='lat' dir='ltr'>uniuerso</span> <span class='ocrx_word' id='word_1_122' title='bbox 1557 2393 1711 2470; x_wconf 89' lang='lat' dir='ltr'>mundo.</span> 
     </span>
    </p>

    <p class='ocr_par' dir='ltr' id='par_1_3' title="bbox 370 2485 1773 2796">
     <span class='ocr_line' id='line_1_19' title="bbox 370 2485 1773 2589; baseline 0.003 -23"><span class='ocrx_word' id='word_1_123' title='bbox 370 2566 375 2577; x_wconf 86' lang='grc'>,</span> <span class='ocrx_word' id='word_1_124' title='bbox 510 2490 581 2565; x_wconf 80' lang='lat' dir='ltr'>lam</span> <span class='ocrx_word' id='word_1_125' title='bbox 598 2486 712 2566; x_wconf 82' lang='lat' dir='ltr'>sedite</span> <span class='ocrx_word' id='word_1_126' title='bbox 726 2485 903 2588; x_wconf 82' lang='lat' dir='ltr'>imperiali</span> <span class='ocrx_word' id='word_1_127' title='bbox 918 2487 1081 2577; x_wconf 59' lang='lat' dir='ltr'>domui„</span> <span class='ocrx_word' id='word_1_128' title='bbox 1136 2487 1270 2562; x_wconf 91' lang='lat' dir='ltr'>XVlll.</span> <span class='ocrx_word' id='word_1_129' title='bbox 1294 2513 1386 2564; x_wconf 75' lang='lat' dir='ltr'>cao</span> <span class='ocrx_word' id='word_1_130' title='bbox 1411 2490 1712 2589; x_wconf 70' lang='lat' dir='ltr'>cuuinfistendo</span> <span class='ocrx_word' id='word_1_131' title='bbox 1771 2556 1773 2561; x_wconf 93' lang='lat'><em>.</em></span> 
     </span>
     <span class='ocr_line' id='line_1_20' title="bbox 509 2585 1712 2703; baseline 0.007 -37"><span class='ocrx_word' id='word_1_132' title='bbox 509 2586 747 2703; x_wconf 68' lang='lat' dir='ltr'>felicitatisque</span> <span class='ocrx_word' id='word_1_133' title='bbox 790 2586 901 2666; x_wconf 85' lang='lat' dir='ltr'>odore</span> <span class='ocrx_word' id='word_1_134' title='bbox 945 2605 1054 2667; x_wconf 85' lang='lat' dir='ltr'>aeter·</span> <span class='ocrx_word' id='word_1_135' title='bbox 1089 2585 1247 2687; x_wconf 81' lang='lat' dir='ltr'>vestigiis</span> <span class='ocrx_word' id='word_1_136' title='bbox 1259 2586 1516 2668; x_wconf 87' lang='lat' dir='ltr'>auisuidenuo</span> <span class='ocrx_word' id='word_1_137' title='bbox 1532 2592 1580 2671; x_wconf 91' lang='lat' dir='ltr'>ad</span> <span class='ocrx_word' id='word_1_138' title='bbox 1596 2619 1712 2674; x_wconf 80' lang='lat' dir='ltr'>nouas</span> 
     </span>
     <span class='ocr_line' id='line_1_21' title="bbox 510 2687 1712 2796; baseline 0.007 -29"><span class='ocrx_word' id='word_1_139' title='bbox 510 2687 1056 2796; x_wconf 71' lang='lat' dir='ltr'>numexstinxitllititqueitnpe·</span> <span class='ocrx_word' id='word_1_140' title='bbox 1089 2688 1248 2765; x_wconf 79' lang='lat' dir='ltr'>ecclesias</span> <span class='ocrx_word' id='word_1_141' title='bbox 1281 2690 1515 2769; x_wconf 80' lang='lat' dir='ltr'>exstruendas</span> <span class='ocrx_word' id='word_1_142' title='bbox 1547 2695 1712 2776; x_wconf 86' lang='lat' dir='ltr'>animum</span> 
     </span>
    </p>

    <p class='ocr_par' dir='ltr' id='par_1_4' title="bbox 383 2788 1714 2894">
     <span class='ocr_line' id='line_1_22' title="bbox 383 2788 1714 2894; baseline 0.008 -28"><span class='ocrx_word' id='word_1_143' title='bbox 383 2801 455 2867; x_wconf 85' lang='lat' dir='ltr'>Col.</span> <span class='ocrx_word' id='word_1_144' title='bbox 509 2811 565 2868; x_wconf 89' lang='lat' dir='ltr'>tus</span> <span class='ocrx_word' id='word_1_145' title='bbox 589 2788 812 2886; x_wconf 87' lang='lat' dir='ltr'>furentium,</span> <span class='ocrx_word' id='word_1_146' title='bbox 840 2790 1055 2868; x_wconf 81' lang='lat' dir='ltr'>Pacificauit·</span> <span class='ocrx_word' id='word_1_147' title='bbox 1087 2788 1227 2868; x_wconf 84' lang='lat' dir='ltr'>adiecit.</span> <span class='ocrx_word' id='word_1_148' title='bbox 1278 2792 1439 2892; x_wconf 80' lang='lat' dir='ltr'>Templa</span> <span class='ocrx_word' id='word_1_149' title='bbox 1457 2794 1552 2894; x_wconf 83' lang='lat' dir='ltr'>pacis</span> <span class='ocrx_word' id='word_1_150' title='bbox 1585 2801 1653 2873; x_wconf 84' lang='lat' dir='ltr'>alta</span> <span class='ocrx_word' id='word_1_151' title='bbox 1676 2815 1714 2877; x_wconf 83' lang='lat' dir='ltr'>et</span> 
     </span>
    </p>

    <p class='ocr_par' dir='ltr' id='par_1_5' title="bbox 364 2887 1722 4095">
     <span class='ocr_line' id='line_1_23' title="bbox 364 2887 1711 3066; baseline 0.007 -99"><span class='ocrx_word' id='word_1_152' title='bbox 364 2887 485 2957; x_wconf 78' lang='lat' dir='ltr'>XXVll-</span> <span class='ocrx_word' id='word_1_153' title='bbox 509 2889 1056 3066; x_wconf 51' lang='lat' dir='ltr'>puepulueremrebellantium,</span> <span class='ocrx_word' id='word_1_154' title='bbox 1088 2888 1279 2993; x_wconf 85' lang='lat' dir='ltr'>magnifica</span> <span class='ocrx_word' id='word_1_155' title='bbox 1311 2909 1438 2969; x_wconf 81' lang='lat' dir='ltr'>tetram</span> <span class='ocrx_word' id='word_1_156' title='bbox 1479 2901 1711 2998; x_wconf 78' lang='lat' dir='ltr'>repleuerunt</span> 
     </span>
     <span class='ocr_line' id='line_1_24' title="bbox 524 2992 1712 3097; baseline 0.008 -29"><span class='ocrx_word' id='word_1_157' title='bbox 524 2992 591 3068; x_wconf 88' lang='lat' dir='ltr'>ecit</span> <span class='ocrx_word' id='word_1_158' title='bbox 605 2993 767 3067; x_wconf 85' lang='lat' dir='ltr'>nostrum</span> <span class='ocrx_word' id='word_1_159' title='bbox 778 3015 954 3089; x_wconf 84' lang='lat' dir='ltr'>magnum</span> <span class='ocrx_word' id='word_1_160' title='bbox 974 3022 1052 3067; x_wconf 71' lang='lat' dir='ltr'>nu</span> <span class='ocrx_word' id='word_1_161' title='bbox 1086 2995 1712 3097; x_wconf 83' lang='lat' dir='ltr'>omnem.Lexvetainduitpulchri·</span> 
     </span>
     <span class='ocr_line' id='line_1_25' title="bbox 513 3091 1713 3199; baseline 0.01 -34"><span class='ocrx_word' id='word_1_162' title='bbox 513 3097 575 3189; x_wconf 75' lang='lat' dir='ltr'>(lca</span> <span class='ocrx_word' id='word_1_163' title='bbox 586 3096 929 3181; x_wconf 78' lang='lat' dir='ltr'>etiamSinavocatur)</span> <span class='ocrx_word' id='word_1_164' title='bbox 942 3091 1055 3189; x_wconf 81' lang='lat' dir='ltr'>impe·</span> <span class='ocrx_word' id='word_1_165' title='bbox 1086 3092 1264 3167; x_wconf 76' lang='lat' dir='ltr'>tudinem.</span> <span class='ocrx_word' id='word_1_166' title='bbox 1291 3094 1420 3170; x_wconf 88' lang='lat' dir='ltr'>Titulo</span> <span class='ocrx_word' id='word_1_167' title='bbox 1436 3095 1713 3199; x_wconf 80' lang='lat' dir='ltr'>honorauitepi·</span> 
     </span>
     <span class='ocr_line' id='line_1_26' title="bbox 510 3191 1722 3318; baseline 0.009 -53"><span class='ocrx_word' id='word_1_168' title='bbox 510 3191 625 3279; x_wconf 87' lang='lat' dir='ltr'>rium,</span> <span class='ocrx_word' id='word_1_169' title='bbox 644 3218 742 3266; x_wconf 75' lang='lat' dir='ltr'>anu</span> <span class='ocrx_word' id='word_1_170' title='bbox 769 3216 867 3265; x_wconf 80' lang='lat' dir='ltr'>cvst</span> <span class='ocrx_word' id='word_1_171' title='bbox 892 3216 1008 3265; x_wconf 72' lang='lat' dir='ltr'>nino</span> <span class='ocrx_word' id='word_1_172' title='bbox 1032 3221 1054 3264; x_wconf 75' lang='grc' dir='ltr'><strong>γ</strong></span> <span class='ocrx_word' id='word_1_173' title='bbox 1087 3191 1722 3318; x_wconf 63' lang='lat' dir='ltr'>scopum,ttanquillitateetgaudiol</span> 
     </span>
     <span class='ocr_line' id='line_1_27' title="bbox 513 3285 1641 3393; baseline 0.01 -33"><span class='ocrx_word' id='word_1_174' title='bbox 513 3285 703 3361; x_wconf 85' lang='lat' dir='ltr'>virtutibus</span> <span class='ocrx_word' id='word_1_175' title='bbox 737 3285 858 3359; x_wconf 87' lang='lat' dir='ltr'>vniuit</span> <span class='ocrx_word' id='word_1_176' title='bbox 883 3290 996 3361; x_wconf 87' lang='lat' dir='ltr'>caelos</span> <span class='ocrx_word' id='word_1_177' title='bbox 1020 3307 1054 3364; x_wconf 88' lang='lat' dir='ltr'>et</span> <span class='ocrx_word' id='word_1_178' title='bbox 1087 3291 1213 3387; x_wconf 68' lang='lat' dir='ltr'>pupuli</span> <span class='ocrx_word' id='word_1_179' title='bbox 1230 3291 1304 3363; x_wconf 85' lang='lat' dir='ltr'>stne</span> <span class='ocrx_word' id='word_1_180' title='bbox 1331 3292 1508 3367; x_wconf 80' lang='lat' dir='ltr'>laboribus</span> <span class='ocrx_word' id='word_1_181' title='bbox 1525 3297 1641 3393; x_wconf 85' lang='lat' dir='ltr'>potiti.</span> 
     </span>
     <span class='ocr_line' id='line_1_28' title="bbox 513 3380 1712 3487; baseline 0.009 -26"><span class='ocrx_word' id='word_1_182' title='bbox 513 3398 658 3474; x_wconf 76' lang='lat' dir='ltr'>terram,</span> <span class='ocrx_word' id='word_1_183' title='bbox 691 3382 832 3482; x_wconf 86' lang='lat' dir='ltr'>aperuit</span> <span class='ocrx_word' id='word_1_184' title='bbox 875 3380 1054 3461; x_wconf 82' lang='lat' dir='ltr'>beneficiis</span> <span class='ocrx_word' id='word_1_185' title='bbox 1137 3390 1234 3462; x_wconf 86' lang='grc' dir='ltr'><strong>ΧΙΧ.</strong></span> <span class='ocrx_word' id='word_1_186' title='bbox 1266 3387 1413 3487; x_wconf 78' lang='lat' dir='ltr'>Sapiens</span> <span class='ocrx_word' id='word_1_187' title='bbox 1438 3392 1511 3466; x_wconf 78' lang='lat' dir='ltr'>ttex</span> <span class='ocrx_word' id='word_1_188' title='bbox 1540 3419 1592 3469; x_wconf 79' lang='lat' dir='ltr'>ssi</span> <span class='ocrx_word' id='word_1_189' title='bbox 1616 3421 1712 3472; x_wconf 76' lang='lat' dir='ltr'>vau</span> 
     </span>
     <span class='ocr_line' id='line_1_29' title="bbox 511 3482 1712 3589; baseline 0.012 -28"><span class='ocrx_word' id='word_1_190' title='bbox 511 3484 606 3562; x_wconf 75' lang='lat' dir='ltr'>vitae</span> <span class='ocrx_word' id='word_1_191' title='bbox 640 3509 749 3583; x_wconf 81' lang='lat' dir='ltr'>opera</span> <span class='ocrx_word' id='word_1_192' title='bbox 773 3482 879 3561; x_wconf 87' lang='lat' dir='ltr'>rebus</span> <span class='ocrx_word' id='word_1_193' title='bbox 904 3484 1053 3560; x_wconf 85' lang='lat' dir='ltr'>auxilia·</span> <span class='ocrx_word' id='word_1_194' title='bbox 1087 3511 1180 3588; x_wconf 68' lang='lat' dir='ltr'>cau</span> <span class='ocrx_word' id='word_1_195' title='bbox 1199 3487 1303 3562; x_wconf 86' lang='lat' dir='ltr'>nouit</span> <span class='ocrx_word' id='word_1_196' title='bbox 1323 3485 1464 3589; x_wconf 80' lang='lat' dir='ltr'>ingredi</span> <span class='ocrx_word' id='word_1_197' title='bbox 1476 3488 1550 3567; x_wconf 80' lang='lat' dir='ltr'>vias</span> <span class='ocrx_word' id='word_1_198' title='bbox 1566 3517 1665 3572; x_wconf 84' lang='lat' dir='ltr'>veras</span> <span class='ocrx_word' id='word_1_199' title='bbox 1675 3513 1712 3574; x_wconf 81' lang='lat' dir='ltr'>et</span> 
     </span>
     <span class='ocr_line' id='line_1_30' title="bbox 511 3583 1709 3691; baseline 0.01 -28"><span class='ocrx_word' id='word_1_200' title='bbox 511 3604 566 3664; x_wconf 90' lang='lat' dir='ltr'>tus</span> <span class='ocrx_word' id='word_1_201' title='bbox 594 3583 835 3688; x_wconf 86' lang='lat' dir='ltr'>pulcherrimo</span> <span class='ocrx_word' id='word_1_202' title='bbox 851 3585 1051 3664; x_wconf 84' lang='lat' dir='ltr'>increman-</span> <span class='ocrx_word' id='word_1_203' title='bbox 1085 3585 1221 3665; x_wconf 65' lang='lat' dir='ltr'>tellas:</span> <span class='ocrx_word' id='word_1_204' title='bbox 1243 3586 1385 3666; x_wconf 83' lang='lat' dir='ltr'>tabulae</span> <span class='ocrx_word' id='word_1_205' title='bbox 1403 3591 1507 3691; x_wconf 82' lang='lat' dir='ltr'>Regis</span> <span class='ocrx_word' id='word_1_206' title='bbox 1526 3611 1709 3674; x_wconf 70' lang='lat' dir='ltr'>scantina-</span> 
     </span>
     <span class='ocr_line' id='line_1_31' title="bbox 510 3685 1712 3799; baseline 0.008 -33"><span class='ocrx_word' id='word_1_207' title='bbox 510 3704 571 3778; x_wconf 81' lang='lat' dir='ltr'>to,</span> <span class='ocrx_word' id='word_1_208' title='bbox 589 3687 716 3764; x_wconf 87' lang='lat' dir='ltr'>odores</span> <span class='ocrx_word' id='word_1_209' title='bbox 735 3686 838 3764; x_wconf 88' lang='lat' dir='ltr'>dedit</span> <span class='ocrx_word' id='word_1_210' title='bbox 868 3685 906 3762; x_wconf 93' lang='lat' dir='ltr'>in</span> <span class='ocrx_word' id='word_1_211' title='bbox 927 3687 1048 3789; x_wconf 74' lang='lat' dir='ltr'>gratia·</span> <span class='ocrx_word' id='word_1_212' title='bbox 1088 3688 1241 3789; x_wconf 82' lang='lat' dir='ltr'>gnificae</span> <span class='ocrx_word' id='word_1_213' title='bbox 1252 3705 1286 3766; x_wconf 89' lang='lat' dir='ltr'>et</span> <span class='ocrx_word' id='word_1_214' title='bbox 1297 3687 1580 3783; x_wconf 77' lang='lat' dir='ltr'>illustreslitcrae</span> <span class='ocrx_word' id='word_1_215' title='bbox 1590 3695 1712 3799; x_wconf 82' lang='lat' dir='ltr'>regiae</span> 
     </span>
     <span class='ocr_line' id='line_1_32' title="bbox 510 3784 1710 3894; baseline 0.012 -30"><span class='ocrx_word' id='word_1_216' title='bbox 510 3811 590 3864; x_wconf 88' lang='lat' dir='ltr'>tum</span> <span class='ocrx_word' id='word_1_217' title='bbox 609 3786 791 3865; x_wconf 67' lang='lat' dir='ltr'>cilionem</span> <span class='ocrx_word' id='word_1_218' title='bbox 813 3784 984 3887; x_wconf 81' lang='lat' dir='ltr'>piillttnus</span> <span class='ocrx_word' id='word_1_219' title='bbox 1008 3789 1051 3865; x_wconf 87' lang='lat' dir='ltr'>ad</span> <span class='ocrx_word' id='word_1_220' title='bbox 1086 3791 1123 3865; x_wconf 93' lang='lat' dir='ltr'>in</span> <span class='ocrx_word' id='word_1_221' title='bbox 1139 3790 1180 3865; x_wconf 92' lang='lat' dir='ltr'>iis</span> <span class='ocrx_word' id='word_1_222' title='bbox 1197 3788 1371 3866; x_wconf 82' lang='lat' dir='ltr'>florebant</span> <span class='ocrx_word' id='word_1_223' title='bbox 1381 3810 1416 3870; x_wconf 86' lang='lat' dir='ltr'>et</span> <span class='ocrx_word' id='word_1_224' title='bbox 1426 3794 1710 3894; x_wconf 80' lang='lat' dir='ltr'>resplendebant.</span> 
     </span>
     <span class='ocr_line' id='line_1_33' title="bbox 512 3885 1701 3991; baseline 0.007 -25"><span class='ocrx_word' id='word_1_225' title='bbox 512 3886 692 3966; x_wconf 84' lang='lat' dir='ltr'>faciendas</span> <span class='ocrx_word' id='word_1_226' title='bbox 721 3887 966 3984; x_wconf 83' lang='lat' dir='ltr'>eleemosynas</span> <span class='ocrx_word' id='word_1_227' title='bbox 993 3885 1052 3966; x_wconf 71' lang='lat' dir='ltr'>be</span> <span class='ocrx_word' id='word_1_228' title='bbox 1085 3889 1240 3991; x_wconf 80' lang='lat' dir='ltr'>Figurae</span> <span class='ocrx_word' id='word_1_229' title='bbox 1256 3891 1374 3990; x_wconf 83' lang='lat' dir='ltr'>regiae</span> <span class='ocrx_word' id='word_1_230' title='bbox 1387 3897 1596 3974; x_wconf 85' lang='lat' dir='ltr'>elucebant:</span> <span class='ocrx_word' id='word_1_231' title='bbox 1615 3902 1701 3977; x_wconf 88' lang='lat' dir='ltr'>Om-</span> 
     </span>
     <span class='ocr_line' id='line_1_34' title="bbox 499 3961 1703 4095; baseline 0.01 -30"><span class='ocrx_word' id='word_1_232' title='bbox 499 3961 702 4066; x_wconf 83' lang='lat' dir='ltr'>lneficentia</span> <span class='ocrx_word' id='word_1_233' title='bbox 733 3987 884 4068; x_wconf 83' lang='lat' dir='ltr'>faciebat</span> <span class='ocrx_word' id='word_1_234' title='bbox 907 3987 1053 4067; x_wconf 85' lang='lat' dir='ltr'>descen·</span> <span class='ocrx_word' id='word_1_235' title='bbox 1085 3988 1140 4067; x_wconf 89' lang='lat' dir='ltr'>nis</span> <span class='ocrx_word' id='word_1_236' title='bbox 1156 3995 1317 4092; x_wconf 84' lang='lat' dir='ltr'>populus</span> <span class='ocrx_word' id='word_1_237' title='bbox 1325 3994 1508 4095; x_wconf 70' lang='lat' dir='ltr'>profunde</span> <span class='ocrx_word' id='word_1_238' title='bbox 1523 4023 1581 4075; x_wconf 82' lang='lat' dir='ltr'>aas</span> <span class='ocrx_word' id='word_1_239' title='bbox 1600 4022 1703 4077; x_wconf 80' lang='lat' dir='ltr'>vane·</span> 
     </span>
    </p>
   </div>
   <div class='ocr_carea' id='block_1_3' title="bbox 899 4097 1693 4190">
    <p class='ocr_par' dir='ltr' id='par_1_6' title="bbox 899 4097 1693 4190">
     <span class='ocr_line' id='line_1_35' title="bbox 899 4097 1693 4190; baseline 0.004 -16"><span class='ocrx_word' id='word_1_240' title='bbox 899 4182 904 4190; x_wconf 52' lang='lat'>‚</span> <span class='ocrx_word' id='word_1_241' title='bbox 1611 4097 1693 4177; x_wconf 80' lang='lat' dir='ltr'>saba</span> 
     </span>
    </p>
   </div>
   <div class='ocr_carea' id='block_1_4' title="bbox 0 0 2434 5200">
    <p class='ocr_par' dir='ltr' id='par_1_7' title="bbox 0 0 2434 5200">
     <span class='ocr_line' id='line_1_36' title="bbox 0 0 2434 5200; baseline 0 3"><span class='ocrx_word' id='word_1_242' title='bbox 0 0 2434 5200; x_wconf 95' lang='lat' dir='ltr'> </span> 
     </span>
    </p>
   </div>
  </div>
 </body>
</html>
