4859 5200
821 653 853 732 e
1056 619 1354 722 ssim*

606 779 717 835 coutm
744 762 889 830 immicos
913 751 1109 851 christianae
1123 753 1234 849 fidei,
1274 754 1428 828 uidelicet
1453 759 1650 853 Saracenas,
1699 762 1818 843 deuote

603 858 857 959 promptitudine
872 853 1031 956 asserebas.
1092 858 1131 928 ln
1149 855 1221 950 fine
1236 881 1314 928 uero
1332 858 1551 929 cintineiatur
1566 886 1700 954 earm,
1729 868 1819 966 quod

608 962 725 1032 eisdem
740 969 866 1031 nuntiis
882 970 919 1028 in
934 956 1095 1046 omnibus,
1124 982 1204 1054 quae
1229 981 1307 1042 uero
1317 961 1368 1053 (t)
1387 977 1482 1056 parte
1498 979 1556 1030 tua
1571 959 1723 1055 dicerent,
1749 993 1815 1040 cre·

608 1058 761 1132 dermur:
786 1057 849 1152 sub
866 1083 931 1154 qua
947 1058 1157 1149 credulitate,
1184 1082 1248 1128 rem
1268 1059 1520 1154 Deoplacitam,
1553 1061 1670 1133 eisdem
1680 1066 1816 1160 praede·
1906 1130 1910 1145 ,

609 1157 710 1254 eeffori
726 1158 954 1249 testaudus,
998 1165 1085 1229 inter
1099 1181 1178 1256 quos
1192 1182 1251 1228 nor
1268 1175 1345 1229 tunc
1362 1156 1494 1251 officium
1512 1160 1741 1235 cardinalatus
1756 1168 1816 1240 ba·

609 1252 719 1347 lebot‚
741 1258 905 1329 amabilem
933 1257 1121 1333 retulerunt.
1196 1255 1254 1352 Est
1268 1255 1396 1354 quidem
1415 1284 1465 1329 res
1481 1258 1546 1356 ipsa
1560 1259 1659 1356 digna
1674 1266 1816 1361 laetitia,

603 1360 700 1457 plena
715 1358 835 1443 iubilo,
851 1378 921 1428 tota
936 1355 1068 1428 diuinae
1084 1352 1193 1429 laudis
1209 1356 1388 1428 extollenda
1399 1369 1596 1455 praeconiis,
1611 1389 1692 1461 quae
1702 1364 1737 1458 fi
1753 1364 1815 1465 fa·

608 1456 671 1531 tiis
692 1456 781 1530 ditia
804 1454 1033 1556 frequmtibus
1057 1455 1299 1552 confirmentur,
1327 1456 1469 1551 salutern
1491 1479 1655 1532 tantorum
1677 1472 1817 1538 eontinet

515 1584 526 1605 r
608 1566 808 1648 animarum,
831 1557 1000 1646 videlicet,
1023 1557 1114 1655 quod·
1128 1556 1190 1653 (2)
1211 1557 1377 1655 charifflmi
1392 1567 1427 1629 in
1454 1582 1663 1636 cantero
1680 1563 1751 1659 filii
1759 1591 1816 1637 no·

605 1657 1656 1857 lltilxtifllllrfiztzi{Zi‘i“23'{zn‘zltlli⁰i
1675 1675 1819 1859 :illl
1889 1758 1894 1769 ·

614 1857 817 1956 baptizatus)
851 1878 883 1927 et
901 1815 1139 1928 tuis'inhaeret
1159 1785 1345 1953 affellidus,
1371 1857 1520 1955 personas
1544 1862 1673 1960 aliquos
1693 1863 1739 1937 ad
1761 1890 1821 1939 vos

609 1979 668 2054 per
684 1962 858 2029 Romanam
874 1956 1024 2052 ecclestarn
1038 1954 1206 2052 destinare,
1226 1978 1298 2054 ¹per
1313 1983 1394 2057 quor
1409 1967 1444 2031 in
1462 1961 1724 2056 Clorr‘flianafide⁸
1749 1990 1819 2054 uos,

609 2055 695 2149 filii,
719 2059 887 2152 populique
905 2054 1001 2150 omri·
1018 2056 1130 2150 instrui
1152 2057 1313 2133 valeatis,·
1340 2079 1373 2126 et
1395 2059 1560 2128 abeisdem
1577 2059 1739 2154 praedilli
1747 2063 1819 2157 filii

613 2152 729 2250 φοβή,
754 2175 786 2224 et
803 2158 863 2223 alii
878 2154 918 2222 de
935 2160 1107 2246 veriusque
1118 2155 1233 2245 populo
1243 2156 1302 2245 seu
1318 2165 1459 2225 exercitu
1477 2156 1649 2250 baptizari.
1702 2162 1816 2234 Laete-

614 2273 670 2323 tur
686 2275 755 2345 ergo
770 2269 872 2319 mater
888 2249 1043 2341 Ecclefia,
1054 2246 1267 2344 fisponlosuo
1292 2273 1363 2326 tus
1376 2276 1401 2324 v
1427 2277 1563 2327 cutus
1574 2280 1654 2349 ro,
1673 2257 1737 2351 stra
1753 2270 1819 2334 rni-

605 2349 762 2445 sericordi
784 2368 931 2445 operante
947 2348 1129 2436 clementia,
1155 2367 1204 2418 tot
1214 2347 1302 2446 pofflt
1310 2346 1401 2449 filios
1413 2371 1471 2445 per
1486 2353 1631 2449 baptismi
1652 2360 1819 2433 lanam
1951 2424 1961 2441 ,

610 2474 772 2549 gerterare.
825 2451 977 2519 Laetetur
1001 2469 1032 2518 et
1049 2447 1154 2544 postor
1179 2448 1335 2544 ecclefiae',
1357 2451 1392 2545 st
1414 2452 1589 2547 Christiano
1609 2458 1721 2553 plebs,
1741 2458 1818 2554 suis

614 2552 804 2649 temporibus
818 2555 906 2619 tanti
916 2550 1023 2645 populi
1041 2548 1130 2647 quast
1145 2546 1272 2643 infinito
1287 2572 1417 2622 numera
1431 2573 1594 2648 augeatur.
1644 2558 1745 2654 Quid
1756 2552 1819 2634 teti·

613 2654 684 2748 rifi
697 2672 802 2723 coetus
819 2651 943 2722 exultet
957 2652 1114 2744 angelicus
1131 2657 1166 2719 in
1185 2670 1351 2722 tantarum
1360 2653 1562 2748 perditarum
1577 2663 1685 2730 ouium
1710 2659 1819 2735 otten-

614 2774 649 2825 ta
661 2752 790 2848 salute,
819 2757 870 2822 cui
881 2748 1057 2843 secundum
1073 2752 1283 2843 euangelicam
1304 2773 1497 2842 unitatem,
1524 2763 1624 2828 unius
1642 2768 1820 2855 peccatorio

610 2862 807 2951 poenitentia
816 2850 913 2947 snper
930 2858 1102 2946 nonaginta
1116 2874 1229 2920 nouem
1252 2848 1340 2945 iuslis
1353 2853 1560 2949 praedicatur
1585 2863 1765 2957 acceptior?
1789 2863 1819 2934 0

614 2953 717 3049 nostra
730 2954 821 3025 beata
846 2971 1003 3044 tempora,
1022 2950 1183 3039 fidielus
1206 2949 1319 3042 nostris
1340 2956 1424 3041 tale,
1456 2981 1493 3025 ac
1518 2976 1645 3028 tantum
1662 2960 1819 3054 gaudium

611 3061 762 3161 poppamus
779 3051 826 3122 illi
841 3048 960 3143 caelesli
975 3055 1081 3117 curiae
1093 3047 1316 3138 praesentare!
1343 3052 1444 3140 Sane,
1466 3075 1546 3148 quae
1557 3073 1615 3148 per
1632 3058 1758 3130 eosdem
1775 3061 1819 3131 li·
1955 3051 1963 3060 ⁸

617 3175 705 3223 teras
723 3171 779 3221 tua
796 3148 912 3217 obtulit
924 3161 1069 3240 prompta
1083 3141 1227 3232 deuotio,
1243 3165 1410 3239 gratanter
1426 3153 1603 3224 eorumdem
1614 3153 1818 3252 praedeceffo·

619 3259 667 3321 ris
684 3269 715 3319 et
724 3246 874 3339 fratrum
891 3267 953 3312 non
971 3249 1126 3312 immerito
1132 3240 1273 3335 senstlus
1290 3243 1500 3336 adhaeserunt
1562 3253 1711 3324 Grandia
1734 3265 1823 3326 enim.
1918 3273 1921 3278 '

612 3346 716 3442 sunt,
743 3353 837 3414 immo
858 3347 999 3411 maxima
1030 3341 1230 3437 repulamus‚
1250 3365 1331 3435 quar
1357 3344 1404 3434 fic
1421 3345 1534 3415 deuote
1547 3355 1705 3442 porrigit,
1724 3371 1756 3421 et
1771 3354 1820 3448 fic
1967 3407 1972 3414 .

616 3464 759 3547 prompte
768 3448 932 3539 promittit
949 3461 1024 3513 tuoe
1039 3438 1232 3534 celsitudinis
1245 3440 1440 3533 magnitudo.
1492 3443 1567 3516 Nee
1592 3444 1634 3542 esl
1664 3459 1736 3521 veri
1758 3461 1819 3524 mr.

620 3551 671 3624 le.
695 3553 773 3648 quin
789 3542 909 3637 digitur
927 3543 991 3614 Dei
1007 3543 1161 3613 circadae
1179 3561 1323 3636 operetur
1340 3547 1376 3634 pis
1391 3563 1443 3630 te,
1464 3544 1552 3642 quod
1579 3568 1696 3620 tantus
1725 3554 1819 3626 zelus

620 3647 665 3722 ad
678 3653 836 3744 namatium
868 3661 1066 3719 cutum
1097 3651 1150 3715 'cor
1166 3662 1257 3712 tuum
1276 3639 1409 3714 videtur
1435 3646 1621 3736 accendere,
1639 3650 1692 3744 (3)
1721 3673 1763 3724 vt
1786 3675 1821 3729 te
1908 3683 1923 3706 ·-

621 3747 739 3846 ipsum,
760 3746 873 3845 populi
894 3754 945 3816 tui
971 3741 1086 3833 robur,
1115 3763 1254 3832 terrun,
1286 3769 1323 3814 ae
1345 3739 1506 3816 villualia
1534 3768 1644 3820 centra
1674 3760 1819 3829 inimicos

623 3869 824 3925 ceraton
863 3843 1090 3919 delaberauetis
1122 3840 1314 3940 exponenda.
1364 3845 1465 3942 Super
1480 3869 1515 3918 et
1536 3871 1634 3943 uero,
1666 3854 1754 3952 quod
1777 3852 1819 3927 de

1249 3938 1314 4042 (k)
1721 3973 1820 4050 troe-
1950 4016 1958 4033 ·

721 4211 804 4279 rium
819 4210 871 4293 fit,
932 4218 981 4299 (μ)
1000 4211 1181 4290 ascendere,
1195 4212 1247 4283 ld.
