4859 5200
1048 595 1423 699 astrati».

1030 866 1034 883 ‚
1075 767 1141 875 N.
1181 768 1333 871 extr.

656 910 1141 1015 anomacuttnaovs
1167 921 1239 1004 laco
1257 927 1319 1004 cit.

686 1047 815 1120 Dilecto
830 1047 895 1114 filio
909 1043 1010 1126 nobili,
1021 1047 1089 1115 viro
1111 1062 1329 1116 aureonno
1349 1059 1424 1115 nato
1438 1051 1536 1118 datae
1548 1055 1722 1133 memoriae
1750 1076 1814 1128 a..

739 1154 913 1203 roenna
933 1132 1027 1221 Regis
1042 1135 1076 1202 in
1093 1132 1230 1222 partibus
1243 1134 1415 1203 Tartariao

608 1251 805 1423 segentem,
823 1266 879 1344 nec
896 1280 1024 1366 mirum,
1040 1279 1207 1343 materiam
1217 1269 1410 1366 gaudiorum
1420 1270 1619 1369 suscepimus,
1636 1273 1812 1372 quodsum·
1840 1249 1869 1313 ὴ·

656 1399 727 1446 mus
743 1374 792 1444 ile
810 1374 892 1469 lapis
908 1373 1070 1468 angularis
1090 1374 1247 1443 Dominus
1274 1384 1404 1446 iesvs
1425 1396 1485 1446 cra
1496 1395 1600 1447 tarsa·
1611 1397 1677 1463 vs,
1700 1382 1735 1445 in
1751 1401 1814 1474 qut

610 1482 711 1546 omnis
728 1470 904 1567 aedificatio
922 1467 1093 1568 consimile
1111 1469 1217 1564 crescit
1233 1478 1269 1541 in
1287 1468 1594 1567 templumsanllum
1606 1479 1641 1543 in
1655 1476 1814 1552 Dominoc

609 1572 756 1671 quodque
771 1595 848 1669 quas
867 1569 970 1657 scaluos
980 1572 1056 1644 vult
1063 1570 1141 1665 seri
1150 1626 1161 1659 ,
1188 1566 1235 1641 ad
1249 1578 1451 1663 cognitionem
1457 1568 1515 1662 sui
1529 1596 1592 1642 non
1608 1569 1813 1667 definissem·

605 1694 665 1770 per
685 1668 941 1768 abundantissmo
968 1667 1110 1762 beneficio
1144 1665 1294 1757 erudire,
1325 1688 1383 1764 per
1412 1671 1652 1742 inenarrabilem
1670 1681 1811 1766 graciam
1895 1673 1900 1683 “

603 1771 698 1864 suam
714 1791 780 1841 coto
798 1770 868 1840 orie
883 1765 1032 1866 usuum
1052 1792 1168 1863 augens
1191 1776 1337 1839 continue
1345 1767 1511 1860 familiam
1529 1766 1752 1866 Chrislianarn,
1777 1792 1811 1843 ee

602 1871 687 1966 scut
702 1868 1026 1967 venerabilissratsis
1049 1862 1145 1963 noslsi
1174 1893 1222 1940 ut
1235 1889 1455 1949 attonsum
1482 1869 1623 1965 Episcopi
1647 1872 1809 1966 Capbenfis

612 1992 644 2039 ec
650 1969 732 2061 socii
751 1977 819 2040 eius
834 1967 986 2038 relatione
1003 1966 1142 2038 iucunda
1154 1975 1366 2064 percepimus,
1391 1992 1487 2038 uerae
1502 1966 1587 2058 fidei
1607 1970 1676 2038 lacre
1694 1970 1808 2062 persu-

601 2067 678 2160 sum
692 2087 724 2137 et
739 2065 819 2151 sacri
833 2067 1032 2162 baptismatis
1041 2065 1290 2156 sonterenatum
1323 2092 1360 2137 ac
1376 2067 1531 2135 imbutum
1551 2063 1698 2137 doctrin
1720 2069 1806 2163 Aps·

604 2164 733 2260 salicae
748 2186 780 2233 ee
797 2165 1006 2255 Euangelicac
1026 2172 1197 2251 veritatis,
1222 2171 1347 2233 unitati
1353 2161 1486 2252 sanilae
1500 2165 1660 2235 Romanae
1676 2168 1807 2262 ccupas

606 2263 734 2361 salicae
749 2282 781 2332 cc
799 2263 977 2336 Catholicae
991 2260 1141 2353 Ecclesiae
1163 2267 1350 2354 aggregouit.
1401 2261 1493 2354 Quia
1509 2269 1609 2355 igitur
1624 2265 1691 2335 Dee
1713 2266 1808 2337 Patri
1946 2324 1952 2329 .

611 2384 758 2454 aeterno,
784 2381 816 2433 ct
832 2359 1016 2455 Apostolicis
1034 2367 1120 2431 votis
1133 2358 1179 2429 acl
1190 2358 1345 2453 gaudium
1369 2361 1453 2430 cedit
1479 2361 1681 2455 immensum,
1695 2364 1806 2457 fiRe·

517 2530 523 2539 .
572 2534 575 2538 ,
610 2463 782 2559 demptoric
795 2458 890 2556 naslri
898 2459 1031 2551 sumilia
1047 2467 1082 2529 in
1098 2460 1167 2554 t'psts
1180 2459 1346 2555 partilem,
1372 2484 1452 2558 quas
1475 2458 1599 2532 dudum
1612 2472 1740 2534 coecitas
1756 2487 1809 2536 er·

609 2586 718 2636 rorum
735 2559 927 2649 obduxerat,
952 2559 1128 2634 dilateturc
1153 2556 1350 2630 nabiliticcem
1374 2580 1465 2631 tuam
1480 2584 1622 2655 rogamus
1644 2556 1677 2634 ee
1699 2565 1808 2637 horto·
1950 2641 1956 2648 ,

610 2670 733 2736 mutin
751 2660 856 2736 eodem
870 2657 970 2756 nosco
981 2657 1112 2759 piifflmo
1135 2657 1360 2756 Redemptore,
1382 2681 1539 2757 quatenus
1556 2661 1742 2757 pmcdcnter·
1753 2685 1806 2736 ac.

608 2761 762 2854 tendens,
789 2758 877 2860 quosl
886 2769 972 2830 inter
990 2779 1131 2846 caeteta,
1156 2783 1237 2855 quae
1257 2759 1298 2829 cle
1314 2758 1487 2856 retiaculis
1503 2759 1637 2853 dirigere
1653 2783 1805 2857 poterunt

611 2862 656 2936 ad
671 2870 762 2936 uitae
773 2857 894 2955 gaudia
900 2857 1118 2955 sempiterna,
1144 2859 1200 2927 hoc
1224 2856 1502 2954 eslpraecs'puum‚
1519 2857 1552 2950 fi
1564 2857 1712 2951 subditas
1734 2883 1807 2935 euos

611 2961 725 3032 uiuido
740 2980 773 3027 ee
789 2957 958 3027 indiuiduo
980 2957 1119 3025 eiusdem
1134 2958 1314 3022 cartolam
1332 2957 1484 3045 Ecclefiae
1508 2968 1627 3051 corpori
1649 2980 1683 3029 ct
1705 2972 1806 3058 cogni·

611 3065 693 3131 uana·
708 3078 804 3127 verae
811 3049 895 3147 fidei
917 3050 1117 3144 aggregabisc
1139 3046 1254 3116 adhoc
1272 3049 1408 3141 praestes
1423 3069 1526 3145 opw,
1549 3075 1582 3121 ec
1595 3054 1641 3125 acl
1655 3060 1712 3127 lma
1729 3070 1807 3132 tatia

608 3158 725 3258 sudiis
739 3151 894 3236 elabores,
920 3168 961 3218 vt
977 3155 1045 3217 eius
1067 3145 1216 3233 obtentu,
1242 3154 1300 3240 qui
1315 3143 1472 3240 fidelibus
1480 3147 1550 3240 suis
1574 3158 1637 3222 iter
1660 3174 1808 3228 auernae

612 3266 703 3328 vitae
725 3247 954 3343 demonstrans,
975 3242 1264 3339 paradisiacum,
1280 3255 1360 3343 quai
1378 3254 1478 3341 primi
1493 3258 1639 3341 parentis
1663 3253 1804 3325 inobedi-

540 3355 545 3364 ”
612 3362 700 3428 entia
714 3347 887 3442 clauserat,
912 3341 1066 3442 ineffabili
1090 3340 1299 3431 misericordia
1323 3344 1496 3437 reserauit,
1521 3346 1643 3417 eosdem
1663 3348 1807 3436 srcbdieos

607 3478 667 3555 per
685 3475 717 3525 ee
735 3471 767 3522 ec
783 3450 864 3520 alios
881 3439 1053 3539 cognitione
1069 3441 1153 3536 fidei
1174 3442 1354 3513 Catholicae
1375 3444 1540 3541 ilusraeos
1572 3454 1697 3518 unitati
1719 3457 1815 3526 eius-.-

609 3556 681 3631 clem
689 3551 772 3649 sulci
780 3546 907 3646 sludeas
923 3569 1094 3640 aggregare.
1139 3541 1183 3612 Vc
1198 3559 1321 3630 autem,
1337 3540 1412 3636 fili,
1428 3565 1501 3615 tuae
1522 3544 1700 3617 deuotionis
1719 3556 1803 3622 intc-

606 3665 710 3754 gritas
731 3677 764 3723 eo
777 3656 952 3747 promptius
971 3654 1037 3741 piis
1058 3643 1200 3739 operibus
1223 3641 1385 3713 intendere
1403 3643 1550 3740 studeat,
1573 3669 1635 3742 quo
1657 3654 1804 3724 maisren't

610 3756 841 3850 indulgentiam
853 3771 910 3845 per
925 3743 1115 3841 Apostolicas
1127 3740 1215 3834 sedis
1227 3750 1366 3836 gratiam
1373 3742 1484 3835 siseris
1500 3743 1681 3842 consecuta;
1704 3747 1803 3823 deuo.

609 3864 690 3930 ciani
707 3877 804 3944 tuae,
830 3842 997 3921 dummvo
1022 3867 1098 3913 vers
1106 3840 1214 3933 suetis
1235 3849 1398 3937 poenitens
1413 3862 1446 3912 ee
1469 3841 1633 3938 consessus,
1659 3851 1801 3948 qualibet
1945 3901 1950 3908 .

610 3954 682 4048 alis,
706 3962 741 4031 in
755 3953 818 4055 qica
835 3952 872 4022 oi
888 3949 1095 4021 corruentium
1110 3939 1254 4135 eiupgtnp
1264 3945 1394 4015 Domini
1419 3941 1514 4040 noslti
1545 3966 1647 4036 tm
1670 3968 1803 4144 capvt:
1830 4063 1833 4068 Ι
