4859 5200
1085 549 1393 660 «)1⁶4(⁸⁰

651 745 723 817 dem
735 740 838 814 aratus
860 761 1092 815 ntttenvs
1111 737 1259 834 eumsssis
1269 747 1390 837 primo,
1412 760 1444 809 ee
1469 736 1581 809 deinde
1606 756 1643 805 su
1664 756 1735 803 cum
1752 756 1834 803 con·

644 843 775 935 filioriis
787 840 951 911 ansedttns
966 840 1129 911 illuminati
1145 846 1252 925 aDeo,
1277 846 1392 933 apertis
1410 843 1519 907 mentis
1542 837 1647 917 oculis,
1663 837 1835 927 quierant

654 937 799 1009 hedenus
824 946 925 1009 variis
960 938 1216 1029 tenebrstfitatt‘bus
1240 939 1394 1021 obcoecati,
1413 957 1444 1005 et
1470 941 1603 1009 veritate
1624 938 1728 1022 agnita
1740 927 1833 1018 fidei

657 1035 854 1123 orthodoxae,
878 1039 1016 1109 omnibus
1030 1039 1214 1106 Graecorum
1232 1038 1384 1105 erroribus
1409 1057 1509 1102 eoram
1518 1032 1622 1126 populi
1643 1025 1833 1096 merltitudi·

651 1159 695 1205 ne
712 1133 821 1229 copioso
836 1136 1048 1230 retrunciaslis‚
1064 1155 1094 1202 et
1124 1133 1289 1226 abnegosbis
1313 1130 1431 1201 eosdem
1446 1156 1501 1216 ,ac
1527 1150 1636 1199 ueram
1649 1123 1750 1215 fidem
1771 1148 1831 1193 ca·

650 1233 817 1317 cholicam,
838 1257 932 1329 quom
948 1231 1093 1327 praesata
1112 1232 1218 1318 boniba
1235 1235 1377 1300 Romano
1401 1229 1516 1310 ecclesa
1542 1244 1634 1307 terret,
1657 1222 1769 1313 decet,
1796 1242 1830 1289 ee

547 1358 552 1368 ·
654 1330 830 1427 praedicat,
853 1339 1001 1399 veraciter
1016 1330 1187 1422 agonistis,
1202 1350 1232 1398 ec
1249 1328 1381 1420 rediistis
1398 1326 1444 1397 ad
1466 1324 1603 1396 eiurdem
1611 1319 1741 1412 fhntlne
1757 1320 1832 1389 Ro·

660 1453 771 1499 manae
787 1430 919 1521 ecclesoe
939 1435 1089 1498 unitatem
1111 1457 1122 1495 .-
1170 1448 1264 1521 tuque
1285 1428 1374 1495 alios¹
1382 1433 1520 1521 portium
1547 1426 1724 1491 vicinarum
1738 1424 1773 1486 in
1780 1418 1830 1508 st·

661 1529 780 1597 milium
796 1549 930 1597 errorum
940 1524 1090 1619 prolapsos
1104 1522 1241 1606 denium,
1256 1545 1295 1592 uc
1310 1546 1427 1594 errores
1440 1523 1622 1613 abnegarent
1645 1514 1779 1596 eosdem,
1790 1539 1831 1583 aa

661 1647 768 1695 veram
783 1649 814 1693 ee
842 1627 1015 1695 catholicam
1030 1622 1128 1713 fidene
1170 1620 1375 1713 agnoscerent,
1399 1642 1429 1690 ec
1448 1620 1662 1689 ad'vnitatem
1687 1612 1831 1684 redirent

664 1723 801 1812 eandem,
810 1744 868 1817 per
881 1743 951 1792 tuas
967 1718 1094 1814 efficaces
1115 1722 1224 1790 literar
1244 1718 1403 1812 induxrsli.
1454 1722 1503 1787 De
1520 1718 1628 1811 quibus
1648 1720 1772 1805 gratior
1797 1736 1832 1777 a·

656 1825 759 1906 gimus
774 1823 912 1907 largitori
952 1828 1086 1886 omnium
1103 1825 1287 1907 graciarum,
1298 1823 1352 1910 qui
1368 1815 1423 1900 suo
1446 1813 1649 1904 misericordia
1660 1831 1692 1879 et
1704 1815 1830 1878 virtute

659 1932 717 2006 per
732 1913 926 2002 minislerium
941 1916 1222 2003 euangelizaneium
1230 1911 1457 2005 praedillorum
1474 1932 1504 1981 te
1523 1930 1554 1979 et
1566 1908 1665 1980 diibus
1688 1905 1830 1997 confilio-

662 2018 726 2081 rios
743 2010 782 2079 de
797 2019 899 2079 variis
910 2006 1045 2078 errorum
1064 2009 1194 2079 tenebris
1218 2016 1253 2076 in
1270 2010 1373 2079 lumen
1398 2034 1492 2078 verne
1501 2007 1575 2094 fidei
1594 2006 1772 2087 decorauit,
1787 2024 1830 2075 vt

664 2114 699 2179 r'n
711 2116 865 2201 agnitione
878 2128 909 2177 et
925 2107 1131 2198 obseruatione
1151 2104 1400 2196 catholicoefidei
1424 2113 1554 2176 orontis
1573 2128 1710 2175 erronem
1724 2100 1828 2170 deuiis

664 2204 789 2275 liberati
797 2247 808 2281 ‚
830 2215 901 2275 nias
920 2213 1005 2274 vitae
1019 2203 1192 2299 certissimae.
1212 2204 1409 2288 ambulando,
1433 2203 1544 2301 poffirir
1557 2212 1591 2273 in
1609 2202 1769 2296 adoptione
1789 2197 1830 2286 fi·

663 2304 775 2371 liorum
792 2306 853 2375 Dei
873 2311 981 2372 merito
1009 2307 1148 2393 gloriari,
1182 2302 1379 2407 haereditatis
1404 2324 1544 2372 aeternae
1576 2306 1748 2395 proemium
1769 2322 1830 2395 aa·

664 2407 787 2492 cepturi.
839 2402 885 2469 Ec
904 2408 978 2494 quia
992 2405 1151 2494 personam
1166 2420 1253 2469 tuom
1271 2406 1405 2491 gerimus
1425 2406 1460 2469 in
1474 2399 1639 2489 visceribus
1667 2399 1830 2465 charitatis

666 2518 769 2571 casu
795 2516 990 2585 errasset,
1016 2497 1211 2591 asperamus
1234 2497 1320 2593 quod
1339 2498 1423 2591 ipse,
1449 2506 1504 2594 qui
1524 2494 1830 2566 illuminauieoculos

665 2601 877 2679 memneris,
900 2592 986 2664 dabit
1001 2599 1077 2670 riti.
1102 2602 1265 2666 veritatem
1287 2597 1449 2667 catholicae
1466 2593 1543 2685 fidei
1559 2593 1746 2687 agnoscenti,
1770 2617 1829 2663 ve·

664 2715 733 2761 ram
739 2690 1013 2785 perseuerantiam,
1036 2712 1066 2763 et
1080 2699 1115 2763 in
1130 2692 1317 2788 persolbione
1340 2693 1466 2786 crescm
1484 2697 1662 2770 charitatis;
1685 2692 1831 2762 exceden-

663 2794 741 2857 tium
764 2808 1017 2860 tuammanemus
1054 2810 1085 2858 ec
1106 2793 1265 2859 hortamur
1277 2799 1314 2858 in
1350 2793 1582 2862 dominorosv
1617 2811 1833 2876 cutum,

596 2965 599 2972 ,
665 2901 733 2945 eam
739 2898 796 2964 per
809 2884 898 2965 gastus
909 2885 1036 2968 preciofi
1041 2882 1233 2970 asperfionem
1252 2883 1417 2974 sanguinis
1434 2885 1643 2977 obsecrantes,
1673 2908 1834 2984 quatenus

663 2971 851 3039 illuminatus
862 2988 918 3061 per
932 2974 1153 3066 veramsdem,
1172 2998 1203 3044 et
1230 2987 1381 3049 viritatem
1400 2983 1535 3054 eiusdem
1554 2989 1683 3082 ecclesoe
1711 2993 1746 3057 iu
1771 2989 1843 3058 via

661 3063 877 3137 mendacrum
889 3070 1014 3138 Domini
1021 3071 1102 3162 ficut
1120 3074 1297 3166 lucissliuc
1323 3079 1457 3150 ambules
1483 3107 1499 3157 e
1544 3110 1579 3154 oc
1600 3087 1833 3156 illuminationi.

662 3163 720 3234 bus
747 3164 921 3232 huiusmodi
945 3186 977 3234 te
1004 3169 1131 3259 dignum
1139 3190 1194 3263 per
1211 3171 1351 3267 asebium
1370 3187 1466 3272 aperis
1483 3181 1636 3270 exbibens,
1650 3208 1719 3253 cum
1742 3191 1831 3254 omni

662 3266 773 3328 timore
793 3259 922 3330 Domini
944 3268 978 3331 iu
998 3273 1150 3356 agnitione
1178 3294 1273 3340 verae
1293 3271 1372 3362 fidei
1403 3284 1525 3372 eiusque
1545 3279 1768 3374 obseruatione,
1792 3308 1829 3353 ac

663 3379 800 3427 errorum
808 3357 1036 3451 proedilborum
1061 3361 1256 3456 abnegatione
1270 3363 1611 3470 perpetuarenslanti,
1636 3402 1666 3450 et
1678 3387 1829 3452 immuta.

662 3455 1066 3549 bilipropostaperseueress
1115 3461 1326 3563 dillorumque
1348 3494 1594 3548 eunocum
1619 3498 1651 3547 et
1671 3502 1828 3552 metreta·

662 3571 704 3622 n1
716 3551 903 3646 aliorumque
921 3553 1057 3636 sratrnn's
1083 3560 1219 3628 eiusdem
1243 3565 1384 3650 ordinis,
1416 3569 1571 3665 adportes
1598 3576 1677 3670 ipsas
1701 3577 1829 3672 propici-

654 3647 822 3750 scentinm,
828 3645 1006 3739 salubribus
1025 3662 1199 3726 meinbirin
1214 3665 1263 3743 iis,
1276 3687 1357 3755 qnae
1375 3669 1643 3744 corroborationem
1660 3676 1828 3750 rotbalicae

654 3743 745 3832 fidei,
755 3771 790 3815 ac
806 3765 876 3815 torae
885 3746 1106 3834 atsubditorum
1130 3771 1253 3824 cuonem
1258 3757 1393 3847 salutem
1395 3765 1519 3862 sapiant
1535 3779 1709 3842 animarum
1720 3781 1827 3847 inten-

661 3837 739 3904 das:
777 3861 812 3906 ee
825 3845 1172 3937 nibilominussubdicos
1186 3869 1258 3922 tuos
1271 3877 1302 3924 et
1317 3861 1395 3930 aliar
1416 3865 1605 3962 departibor
1632 3871 1709 3966 ipss,
1718 3898 1739 3940 o
1764 3899 1827 3944 ve·

661 3935 764 4002 ritate
776 3934 865 4027 ipsus
890 3943 1055 4015 'catholicoe
1062 3943 1144 4040 fidei
1177 3972 1209 4022 et
1228 3955 1484 4048 vnitotefitnbloe
1510 3967 1666 4041 Romarm
1687 3973 1825 4063 etobsiae

1670 4131 1674 4140 .
1736 4068 1827 4141 obtr-
