4859 5200
1087 610 1189 701 Ψ)
1217 611 1393 709 95(e·

621 728 837 827 saecundaoit
853 727 987 826 asebia,
1016 729 1103 830 quod
1117 720 1168 804 ad
1195 733 1445 829 Christianitatis
1469 744 1620 807 terminas
1644 731 1841 830 ampliandos

627 831 781 926 dirigitur
804 831 990 927 defiderium
1007 841 1122 906 mesatis
1142 854 1226 907 tuae.
1267 855 1271 861 '
1305 834 1437 906 Dudum
1453 835 1611 932 squidem
1630 834 1696 930 post
1718 833 1838 930 nostrae
1896 897 1901 901 .

622 941 829 1028 promotionis
851 940 948 1002 initia
973 955 1071 1005 certos
1097 942 1228 1004 nuncios
1245 933 1290 1005 ad
1308 933 1441 1030 nosbram
1463 934 1670 1031 praesentiam
1690 955 1836 1030 exparte
1919 939 1922 943 ’
1950 981 1963 996 .-

544 1124 546 1126 .
623 1032 780 1127 magnifici
802 1038 955 1128 principit
982 1030 1205 1109 'ARGONts'
1235 1037 1330 1127 Regis
1361 1026 1571 1105 Tartarorum
1590 1031 1714 1126 illustris
1729 1054 1835 1104 trans-

623 1130 726 1226 misos
744 1140 934 1227 recepimus,
951 1133 1041 1202 nobis
1057 1153 1162 1229 aperte
1177 1133 1351 1225 reserentes
1367 1133 1453 1232 quad
1467 1132 1511 1203 ad
1520 1130 1683 1228 personam
1701 1128 1835 1225 raosirant
1932 1224 1935 1229 ι

603 1269 606 1287 ¹
627 1251 660 1302 et
675 1234 850 1303 Romanam
867 1232 1036 1325 eccleſsam,
1053 1254 1086 1303 et
1101 1240 1197 1304 etiam
1209 1255 1353 1328 gentem,
1376 1234 1436 1327 seu
1457 1234 1605 1330 populum
1628 1228 1836 1331 barinorum,

621 1330 757 1426 grandis
772 1330 950 1402 deuotionis
967 1329 1113 1429 affebbum
1132 1333 1362 1429 magnificentia
1376 1354 1434 1405 tna
1443 1342 1548 1429 gerit,
1562 1329 1705 1428 diiiique
1723 1338 1832 1427 nuncii

625 1451 770 1526 exparte
786 1440 870 1524 regia
887 1455 956 1517 cum
972 1431 1120 1528 inflantia
1134 1441 1316 1531 petierunt,
1342 1450 1383 1504 vt
1415 1435 1541 1529 aliquos
1563 1428 1717 1525 religiosas
1741 1431 1834 1501 Lati·

623 1556 681 1603 nos
697 1527 742 1603 ad
758 1552 846 1602 tuam
876 1531 1086 1627 praesentiam
1106 1542 1314 1605 mitteremur.
1349 1536 1425 1625 Nos
1442 1555 1566 1619 anm,
1596 1553 1663 1601 tam
1677 1536 1782 1623 gratis
1798 1548 1831 1600 et

622 1638 756 1726 acceptis
771 1630 811 1701 de
824 1652 915 1701 tama
931 1652 1058 1728 tamque
1070 1631 1198 1724 sublimi
1208 1641 1350 1729 principe
1373 1633 1550 1704 rumoribus
1568 1628 1752 1720 intebebbir,
1771 1654 1829 1700 en·

509 1736 514 1741 '
621 1732 799 1820 uitauimns
814 1739 850 1802 in
861 1734 997 1804 Domino
1014 1735 1227 1820 vehementer,
1240 1758 1309 1803 cum
1327 1731 1527 1825 tuaesalntis
1537 1752 1748 1825 augmentum,
1764 1736 1830 1800 rni-

621 1855 682 1929 qne
698 1836 836 1901 nominis
847 1832 982 1925 gloriam
988 1833 1128 1930 synceris
1143 1829 1311 1930 asebiibus
1328 1840 1511 1930 cupiamns;
1537 1835 1632 1904 Patri
1655 1832 1832 1918 luminum,

622 1955 643 2003 e
660 1954 721 2029 qua
738 1929 778 2027 esi
794 1956 885 2002 omne
899 1930 1011 2005 datum
1031 1940 1200 2030 optimum,
1224 1953 1256 2004 et
1273 1956 1362 2005 omne
1376 1932 1495 2006 donum
1508 1929 1705 2030 persebbnm,
1730 1933 1835 2001 humi.

623 2031 699 2101 liter
705 2030 940 2126 supplicantis,
973 2054 1015 2103 vt
1041 2042 1092 2103 tui
1101 2032 1243 2130 pebiaris
1255 2041 1371 2105 intima
1387 2032 1427 2105 de
1445 2035 1522 2102 bana
1528 2032 1651 2127 semper
1667 2036 1701 2097 in
1720 2028 1833 2098 melius

620 2129 836 2219 muneresuae
850 2129 1064 2225 inspirationis
1083 2135 1256 2220 illuminet,
1271 2140 1307 2202 ac
1314 2133 1394 2223 suae
1414 2138 1539 2224 gratiae
1568 2154 1638 2198 rare
1649 2125 1830 2221 perfundat

620 2223 665 2294 ad
681 2225 869 2316 landemsui
882 2228 1010 2319 gloriofi
1025 2235 1181 2312 nominis,
1206 2249 1238 2297 et
1262 2232 1419 2300 bonorem.
1464 2229 1610 2298 Veientes
1626 2233 1726 2320 igitur
1740 2231 1829 2294 votis

620 2330 717 2418 regiis
732 2323 861 2417 benigne
880 2331 1019 2411 annu'ere
1034 2331 1069 2394 in
1086 2327 1143 2394 bac
1159 2344 1273 2420 parte,
1291 2352 1326 2396 ae
1346 2325 1557 2421 defiderentes
1573 2324 1760 2412 admodum,
1787 2343 1829 2397 uo

618 2423 665 2495 ad
671 2418 901 2520 suscipiendam
918 2421 1125 2520 Christianam
1134 2422 1256 2517 fidem,
1282 2450 1377 2524 qnam
1396 2424 1563 2524 praediiia
1581 2429 1724 2496 Romana
1741 2442 1829 2493 tenet

619 2544 652 2595 et
660 2520 774 2617 seruat
789 2524 929 2618 ecclesa,
940 2540 1105 2622 promptus
1121 2523 1268 2615 accedas,
1284 2525 1401 2625 praesto
1418 2548 1451 2600 te
1465 2522 1595 2625 offeras,
1607 2521 1766 2622 studiosus
1780 2545 1830 2592 oc·

619 2652 746 2716 scarras,
773 2626 920 2721 cumfine
936 2624 1029 2723 ipsius
1058 2634 1228 2698 comitante
1243 2623 1397 2727 suffragio
1412 2630 1537 2726 placere
1563 2624 1717 2725 Altifflmo
1741 2645 1831 2694 nemo

612 2722 721 2826 post,
741 2750 806 2797 ecce
822 2723 974 2798 diieibum
986 2724 1094 2821 filium
1102 2725 1247 2817 fratrem
1268 2752 1446 2804 tonNNttt
1462 2754 1478 2800 e
1493 2739 1628 2803 stom
1656 2744 1829 2800 converto

617 2853 687 2899 cum
702 2835 771 2898 eius
778 2826 876 2922 fhciis
893 2826 933 2898 de
950 2825 1061 2898 ordine
1078 2828 1250 2901 Minorum
1268 2831 1400 2901 intorem
1414 2827 1627 2926 praesmrium
1655 2823 1700 2897 ad
1725 2843 1757 2893 te
1771 2822 1834 2894 dre·
1915 2889 1918 2897 .

615 2937 723 3000 ximus
739 2926 974 3023 destinandum,
993 2926 1063 3020 (¹3)
1080 2952 1149 2998 aum
1168 2927 1318 3025 inflantia
1330 2928 1540 3026 postulantes,
1558 2948 1600 2999 ot
1617 2922 1715 3023 ipsum
1733 2944 1765 2994 et
1772 2919 1829 3015 so·

620 3020 684 3098 cias
694 3026 899 3120 supradibios
915 3027 1044 3114 benigne
1060 3026 1174 3093 babeas
1189 3027 1436 3114 commendatas,
1453 3035 1520 3119 eis,
1549 3050 1683 3122 quarum
1707 3020 1829 3096 dotiu-

616 3151 698 3216 nae,
714 3149 783 3195 curn
794 3122 913 3215 serioris
931 3118 1089 3191 commoda
1097 3119 1268 3215 floggerat,
1295 3144 1327 3194 te
1344 3122 1594 3222 inseparabiliter
1612 3130 1754 3219 cupimus
1769 3118 1830 3191 ad·

500 3276 509 3286 --
615 3228 763 3308 haerere,
774 3223 871 3317 super
885 3217 1006 3310 steinbri
1023 3219 1170 3321 commisso
1187 3222 1249 3294 illis
1264 3230 1406 3318 negotia,
1440 3223 1528 3322 quod
1542 3220 1683 3314 salntem
1705 3217 1830 3316 respicit

613 3330 807 3407 ammarum,
826 3322 919 3411 Regii
927 3314 1059 3407 fauoris
1072 3319 1230 3391 auxilium
1247 3320 1461 3418 impensurus,
1477 3343 1519 3396 ut
1535 3316 1603 3389 eius
1611 3315 1701 3410 fulti
1710 3315 1830 3414 praefi·

610 3419 672 3493 'dia
687 3421 807 3490 utilius
822 3436 855 3489 et
871 3412 1023 3512 efficacius
1037 3416 1150 3493 babere
1157 3416 1196 3510 se
1211 3420 1345 3490 ualeant
1361 3427 1396 3490 in
1415 3417 1541 3508 eadem,
1561 3437 1695 3516 tuquea
1714 3418 1829 3488 Domi·

615 3545 674 3613 no,
697 3526 755 3621 qai
767 3530 833 3616 pro'
859 3523 1001 3626 opimis
1028 3517 1167 3615 grandia
1194 3517 1418 3618 recompensat,
1445 3540 1593 3613 aeternae
1617 3512 1828 3591 beatitudinis

611 3630 754 3723 praemia
770 3618 978 3721 consequaris.
1002 3621 1125 3695 Datum
1139 3620 1308 3699 Reateiib.
1324 3620 1402 3698 ldnr
1419 3624 1495 3699 Iulii
1509 3645 1594 3697 anne
1610 3622 1652 3712 bb.

1494 3952 1559 4057 N·
1601 3952 1827 4054 XXXIII.

661 4192 710 4280 ο)
728 4159 862 4283 Quen·
995 4190 1173 4273 ,asarta
