4859 5200
937 613 1242 716 *emm*

483 744 530 817 ad
551 739 677 817 modum
696 743 834 817 eamdem
841 741 985 836 sormam
994 743 1147 835 fecerunt
1164 743 1228 814 duo
1242 743 1474 841 archiepiscopi,
1496 766 1583 816 unus
1606 746 1695 816 laco·

482 846 550 914 bita
569 843 610 916 de
627 849 787 944 Aegypto,
806 867 837 914 et
853 848 935 915 alces
945 844 1157 938 Nesloriauus
1172 852 1207 914 in
1229 848 1377 937 Oriente,
1385 845 1466 937 suas
1480 866 1585 915 tomen
1597 864 1692 940 prae·

480 945 616 1015 lotiones
625 947 750 1015 babent
767 952 802 1013 in
821 947 910 1040 Syria
916 944 1069 1037 subditas
1095 966 1131 1015 et
1156 947 1319 1017 l’baenice.
1379 945 1428 1021 Et
1450 969 1507 1016 nos
1523 943 1706 1038 festinaui-¹

481 1067 553 1114 mus
573 1067 710 1143 quatuor
727 1047 854 1113 Fratres
871 1051 906 1113 in
926 1047 1111 1115 Armeniam
1127 1054 1347 1117 transmittere
1375 1044 1420 1116 ad
1441 1047 1581 1138 linguam
1597 1043 1693 1114 addi·

396 1176 398 1179 ·
466 1141 642 1236 scandam,
662 1167 697 1212 ea
715 1140 801 1239 quod
819 1162 926 1239 preces
954 1153 1075 1237 regisse
1100 1144 1252 1215 baronum
1277 1171 1335 1216 nus
1360 1146 1524 1240 vsgebont.
1580 1144 1631 1212 De
1653 1169 1689 1214 a·

411 1282 419 1296 ·
475 1242 519 1312 lio
538 1251 602 1337 (4)
624 1242 760 1340 quadam
777 1250 835 1338 qui
862 1240 1036 1340 adpellatur
1059 1268 1342 1334 taxthNVS,
1370 1257 1427 1344 qui
1445 1241 1565 1342 praeest
1588 1250 1689 1328 amni·

475 1342 534 1412 bus
552 1367 630 1441 qnos
650 1340 842 1436 Nesloriana
861 1343 994 1436 hacrefis
1021 1343 1060 1413 ab
1081 1345 1217 1438 Ecclesta
1220 1343 1407 1443 separauit,
1427 1354 1517 1415 cuius
1531 1342 1689 1440 praelatio
1786 1360 1791 1365 ·

471 1462 528 1538 per
543 1441 668 1512 Indiam
685 1450 834 1511 maiorem
850 1465 1031 1529 manentes,
1061 1465 1092 1514 et
1108 1466 1167 1539 per
1191 1442 1320 1539 regnum
1338 1445 1518 1537 sacerdotis
1556 1462 1690 1516 ιοιιιι·
1785 1447 1788 1452 ’

472 1565 501 1615 N
512 1564 549 1614 tt
567 1543 624 1635 (et
646 1552 766 1636 tegna)
796 1547 896 1634 magis
912 1549 1059 1637 proxima
1075 1546 1125 1634 (ς)
1153 1542 1331 1634 dilatatur,
1359 1553 1422 1616 iam
1435 1547 1544 1640 plures
1559 1543 1688 1612 litteras

470 1650 659 1738 recepimus,
685 1639 895 1738 quodfracri
916 1665 1199 1716 evacuatam
1227 1662 1687 1718 cessone-erenum
1767 1708 1770 1713 .

471 1750 531 1839 qni
549 1767 617 1811 cum
634 1743 709 1811 aliis
724 1739 847 1811 duobus
873 1742 1038 1812 Fratribus
1054 1743 1194 1835 linguam
1213 1745 1297 1816 illam
1305 1744 1502 1837 scientibus,
1517 1742 1603 1840 opud
1617 1762 1688 1809 eum

469 1840 671 1939 aliquamdiu
686 1861 894 1911 commoratus
909 1839 969 1935 efl,
980 1841 1162 1936 premiserit
1185 1843 1273 1943 quod
1280 1847 1369 1915 ,velit
1385 1843 1509 1914 obedire
1524 1863 1557 1913 et
1583 1836 1687 1913 redire

383 1982 385 1987 ·
468 1939 516 2010 ad
527 1949 682 2034 gremium
708 1944 765 2032 (6)
789 1940 941 2033 Esplefiae
962 1962 994 2011 et
1008 1950 1173 2016 veritatis.
1219 1944 1366 2037 Mifimus
1385 1953 1481 2014 etiam
1506 1946 1634 2012 Fratres
1651 1944 1686 2008 in

471 2041 646 2134 Aegyptum
666 2040 777 2128 σάω)
798 2065 887 2113 ena
901 2064 989 2113 ιιιιο
1001 2065 1030 2116 ιι
1043 2067 1102 2116 ιιι(
1122 2042 1331 2114 locabisarum
1359 2045 1602 2138 Aegyptiorum,
1627 2042 1685 2132 qui

470 2139 608 2206 multum
626 2139 763 2231 amplius
778 2163 885 2207 errare
894 2137 1003 2228 solent
1027 2162 1121 2234 quam
1140 2142 1338 2228 orientales,
1355 2142 1430 2208 aliis
1448 2138 1607 2208 erroribus
1622 2142 1685 2204 cir·

417 2269 419 2276 v
471 2231 732 2327 eumcifionemad
739 2233 865 2301 madum
879 2238 1105 2303 Saracenorum
1116 2236 1319 2324 addentes,a
1332 2263 1392 2332 qua
1401 2247 1569 2333 recepimus
1576 2234 1686 2320 smili-

470 2354 540 2420 ter,
563 2331 739 2430 quoduclit
749 2328 851 2400 redire
866 2330 911 2401 od
924 2332 1076 2424 Ecclesac
1093 2341 1276 2402 unitatem:
1294 2344 1398 2403 etiam
1418 2338 1496 2425 elisa
1507 2338 1618 2406 multis
1634 2342 1685 2406 e's·

465 2426 593 2505 roribus
607 2431 681 2523 suos
691 2427 842 2522 subditos
858 2431 1021 2527 probibuit
1035 2430 1227 2510 circumcidi.
1277 2436 1365 2503 blus'e
1381 2433 1516 2526 subdita
1535 2435 1575 2530 esl
1594 2433 1688 2505 ludia
1809 2481 1812 2485 -

470 2535 530 2628 (8)
541 2540 654 2618 maios,
672 2531 862 2627 Aethiopia,
873 2531 970 2631 Lybie
986 2555 1054 2601 cum
1068 2534 1225 2630 Aegypto:
1243 2551 1275 2601 et
1289 2534 1501 2633 Aethiopeset
1521 2534 1609 2633 Lybii
1623 2557 1687 2605 nan
1776 2566 1780 2572 ·

458 2629 542 2728 sum
552 2631 678 2725 subditi
695 2635 871 2705 Saracenis.
916 2633 1102 2703 Maronitae
1119 2640 1176 2730 qui
1190 2632 1339 2703 habitant
1376 2642 1412 2706 in
1438 2635 1579 2723 Libano,
1605 2642 1686 2706 iam·
1763 2665 1768 2692 ι

467 2732 526 2805 diu
545 2732 588 2829 csl
608 2731 696 2832 quod
712 2731 756 2804 od
778 2733 943 2828 Ecclesam
963 2731 1128 2803 redierunt
1144 2753 1180 2801 et
1209 2740 1245 2802 in
1273 2732 1450 2806 obedientia
1470 2734 1683 2833 perseuerant.

346 2911 349 2916 ,
469 2835 604 2907 Etcum
623 2839 729 2905 omnes'
744 2841 890 2905 nationes
902 2832 1086 2929 praedillae
1110 2830 1274 2903 dalisinae
1291 2834 1352 2927 (9)
1376 2842 1529 2906 ueritatis
1545 2855 1684 2932 etprae-

467 2934 681 3006 ditationibus
698 2934 809 3028 noslris
826 2933 1024 3030 acquiescant
1034 2989 1044 3020 ,
1051 2932 1118 3025 soli
1136 2936 1252 3004 Graeci
1267 2942 1302 3003 in
1321 2937 1446 3006 malitia
1458 2933 1683 3032 persteterunt:

468 3042 526 3132 qui
541 3036 660 3130 ubique
675 3036 814 3102 latenter
833 3053 866 3101 et
888 3052 996 3125 aperte
1020 3035 1183 3103 Romanae
1208 3034 1360 3123 Ecclesae
1382 3034 1624 3105 contradicunt:
1650 3058 1683 3104 a·

469 3142 557 3225 mnia
564 3132 766 3227 v[sacramenta
779 3125 882 3226 noflra
897 3128 1128 3224 blasphemant,
1143 3151 1175 3200 et
1191 3154 1311 3201 omnem
1328 3133 1426 3204 oliam
1447 3131 1568 3228 sellam
1585 3160 1605 3203 o
1616 3132 1683 3227 sna

466 3238 549 3322 (ιο)
570 3251 745 3323 pressorum
782 3231 1011 3297 baereticorum
1035 3225 1203 3325 adpellant.
1266 3222 1357 3301 Vnde
1380 3232 1531 3303 videntes
1555 3254 1683 3317 tantum

468 3328 748 3424 asliumopertum,
763 3345 803 3395 vt
820 3334 944 3395 veritos
960 3333 1114 3421 ecsangelii
1131 3328 1305 3412 dilatetur,
1322 3326 1468 3397 dedimus
1483 3328 1685 3422 nosmetipsos

467 3425 513 3497 od
520 3428 645 3520 linguas
648 3426 817 3519 gentilium
825 3423 1041 3518 addiscendas,
1054 3447 1084 3494 et
1094 3430 1107 3516 (
1116 3431 1164 3508 ιι)
1173 3421 1538 3522 adslndiuminfingulis
1546 3448 1682 3498 conuen-

467 3526 554 3600 tibus
563 3526 759 3625 flatuimus,
781 3524 917 3600 laborem
937 3551 1052 3599 ssouum
1071 3531 1177 3597 vereri
1193 3524 1408 3622 adponentes:
1423 3549 1456 3599 et
1473 3534 1604 3622 iamper
1620 3527 1685 3598 Dei

1135 3627 1188 3717 (e)
1204 3646 1222 3718 3
1542 3633 1683 3722 gratian

574 3814 627 3896 (5)
655 3812 805 3893 Orientis,
846 3812 894 3880 ld.
916 3815 968 3897 (6)
1003 3812 1225 3884 Ecclefiasticce
1256 3813 1394 3893 unitatis,
1423 3812 1473 3883 ld.
1500 3817 1552 3899 (7)
1585 3763 1682 3883 Petri·

563 3900 843 3987 ercham‚1d.(8)
873 3898 996 3977 Minor,
1023 3899 1072 3969 ld.
1089 3905 1140 3989 (9)
1150 3900 1185 3969 T
1187 3901 1339 3980 ciuitatis,
1376 3900 1424 3969 ld.
1454 3904 1524 3987 (to)
1550 3924 1681 3993 prauam
1734 3913 1748 3976 ,’

565 3986 766 4161 {mm
780 3988 990 4068 haereticam,
1012 3987 1066 4062 lo.
1094 3995 1152 4076 (ιι)
1166 4004 1197 4057 et
1209 3989 1353 4082 naama,
1367 3991 1549 4078 linguarum
1571 3991 1604 4058 ia
1624 3988 1682 4059 fin·
