4859 5200
1078 492 1406 669 n3un)ssr

632 760 765 842 Cathai,
780 753 929 851 fisorsan
942 763 976 825 in
991 778 1028 824 ea
1040 738 1218 829 instiusmodi
1237 754 1546 851 generosissimorum
1569 778 1635 826 uon
1656 751 1763 855 eset,
1789 765 1861 856 qul

528 905 530 908 -
634 864 718 931 illam
736 858 844 928 babeat
856 855 1047 953 potestatem,
1072 881 1165 952 quom
1184 878 1242 953 per
1263 854 1458 952 praedillum
1486 855 1674 947 Minisrum
1707 859 1854 928 concedi

635 956 812 1031 huiusmodi
834 955 1026 1048 generalibus
1055 957 1188 1025 Vicariis
1216 954 1386 1046 consueuit,
1424 954 1642 1049 corstitumdi,
1687 966 1811 1054 quotie
1824 984 1863 1029 ns

515 1104 518 1111 ·
628 1060 736 1149 fuerit
748 1077 969 1152 opportunum,
993 1055 1162 1125 tribuentes
1173 1057 1294 1150 plenam
1305 1053 1506 1143 facultatem.
1554 1058 1618 1125 Per
1634 1057 1704 1125 boc
1736 1079 1863 1127 autern

631 1160 803 1254 priuilegiis
816 1153 895 1223 diiii
911 1152 1058 1236 Ordinis,
1082 1176 1138 1224 aut
1160 1153 1356 1237 aselloritati,
1378 1172 1411 1223 et
1428 1152 1529 1246 auspiciis
1550 1178 1769 1252 quorumque
1792 1158 1862 1229 Vs·-

616 1265 808 1338 uariorum,
836 1273 866 1322 et
899 1253 1113 1324 Praelatorum
1142 1252 1277 1323 eirssdem
1308 1251 1457 1336 Ordinis,
1481 1258 1517 1320 in
1540 1252 1669 1322 eisdem
1697 1257 1863 1349 partibus

598 1384 604 1406 -·
637 1354 862 1448 conslitutorum
878 1358 912 1422 in
925 1351 1075 1447 poslerum
1101 1361 1135 1421 in
1148 1355 1241 1440 aliis,
1265 1359 1408 1449 quanin
1426 1348 1612 1448 praemiffls,
1641 1377 1718 1422 non
1747 1364 1863 1426 inteu-

638 1454 742 1527 dimus
756 1453 912 1544 derogare.
965 1452 1087 1546 Insuper
1112 1452 1256 1521 omnibus
1278 1452 1453 1545 priuilegiis
1477 1472 1506 1517 et
1523 1456 1643 1543 gratiis
1669 1471 1745 1546 per
1765 1476 1861 1549 prae.

552 1608 554 1613 -
626 1551 753 1626 artium
774 1551 883 1644 sedem
913 1550 1041 1646 concesss
1071 1552 1231 1621 fratribus
1254 1549 1455 1645 praelibatis,
1493 1547 1657 1644 quamdiu
1692 1555 1861 1648 Ecclefiae

636 1653 830 1724 Cambalien.
840 1649 1019 1745 praediilae
1029 1650 1223 1745 praefueris,
1252 1649 1396 1717 volumus
1412 1668 1444 1716 te
1463 1648 1623 1740 gaudere,
1641 1650 1742 1741 ficut
1757 1654 1860 1729 iidem

639 1754 763 1823 Fratres
774 1747 908 1843 gaudere
918 1744 1053 1844 posunt,
1069 1751 1127 1838 seu
1136 1769 1281 1844 potensest
1303 1745 1500 1836 inserturum.
1557 1749 1677 1842 Teque
1711 1772 1787 1820 tam
1798 1774 1858 1850 pro

641 1858 697 1920 tu'a
706 1847 852 1945 persona,
873 1874 970 1943 ¹qnam
996 1855 1060 1916 tuis
1065 1848 1181 1938 sniis,
1200 1869 1237 1916 et
1259 1853 1436 1942 apparueris
1457 1843 1686 1932 familiaribus
1710 1859 1859 1946 partini.

637 1970 715 2045 pare
730 1948 874 2017 volumus
883 1945 1100 2038 eleemosynas,
1118 1946 1247 2015 adona
1274 1946 1436 2014 fratribus
1449 1945 1517 2037 ipss
1545 1951 1613 2014 iam
1633 1971 1798 2042 erogata,
1826 1972 1858 2021 et

637 2045 826 2142 imposlerum
839 2043 1010 2137 eroganda,
1035 2045 1129 2113 donec
1145 2044 1185 2121 de
1207 2044 1409 2140 prouents'bus
1418 2043 1569 2134 Ecclesiae
1593 2065 1678 2116 tuae
1711 2052 1855 2121 Camba·

631 2147 710 2218 lien.
734 2151 841 2214 viuere
860 2149 975 2240 poteris
997 2142 1431 2229 condecenter,'declarames
1455 2168 1495 2211 ex
1513 2142 1736 2237 abundanti,
1759 2148 1856 2246 quod

633 2243 811 2315 huiusmodi
817 2240 959 2330 facultas
980 2261 1109 2336 pernas
1121 2241 1320 2338 tibiconcesa
1348 2239 1398 2310 ad
1411 2261 1484 2310 tuos
1496 2239 1677 2339 sneceffltres
1710 2252 1852 2320 Archa.

628 2341 761 2439 piscopos
790 2342 978 2411 Cambalien.
1003 2341 1174 2412 ssulatenus
1193 2339 1397 2409 extendatur.
1443 2344 1568 2411 Danem
1592 2344 1731 2417 Romae
1756 2344 1854 2445 apud

572 2444 574 2449 '
621 2437 772 2533 satillum
796 2463 911 2512 om
922 2464 1003 2525 vn,
1025 2438 1107 2516 Vll.
1120 2441 1198 2510 Kal.
1212 2441 1319 2534 April.
1333 2463 1417 2508 anno
1433 2439 1528 2511 ΜΠ.

1016 2651 1078 2737 N.
1100 2608 1428 2739 Lxxxxvat.

1148 2866 1291 2963 Eidem.
1317 2822 1321 2828 ’

628 2999 759 3172 Cum
776 3029 826 3095 tt,
851 3029 880 3079 et
894 3007 1052 3078 nonnullos
1072 3010 1194 3079 fratres
1222 3010 1355 3081 Ordinis
1390 3012 1752 3105 Fratrum'Minotutn,
1777 3047 1839 3095 aa.

733 3121 781 3181 ins
799 3106 945 3205 Professor
969 3108 1088 3200 exislis,
1115 3110 1160 3178 ad
1182 3130 1289 3205 partes
1318 3111 1483 3180 Tartariae
1505 3111 1552 3181 ad
1574 3113 1842 3207 praedicandum

527 3237 530 3248 ·
592 3255 594 3260 -
623 3216 724 3312 fidem
754 3213 941 3281 catholicam
969 3205 1171 3303 desinemus,
1216 3212 1291 3279 Nos
1314 3217 1493 3301 cupientes,
1528 3211 1620 3306 quod
1644 3216 1842 3294 huiusmodi

631 3321 784 3406 negotium
807 3373 810 3380 ,
813 3306 942 3398 felicius
963 3310 1174 3402 prosperetur,
1194 3333 1234 3376 ac
1248 3307 1288 3378 de
1310 3330 1366 3378 tua
1377 3306 1585 3398 fraternitate
1621 3315 1756 3408 confisi,
1779 3324 1842 3394 tibi

628 3433 685 3518 per
699 3434 728 3480 te
741 3409 798 3477 vel
807 3409 919 3492 alium,
933 3404 992 3497 sen
1017 3408 1096 3475 alios
1111 3406 1294 3502 assumendi,
1327 3428 1357 3476 et
1376 3407 1422 3477 ad
1439 3407 1546 3479 diblas
1554 3429 1667 3502 partes
1686 3417 1841 3495 ducendi

626 3510 790 3585 duodecim
796 3505 918 3597 fratres
933 3503 1011 3574 dilli
1028 3504 1181 3581 Ordinis,
1209 3530 1285 3603 quos
1297 3506 1425 3577 desereris
1444 3507 1617 3600 eligendos,
1645 3522 1840 3594 cuiuscum-

629 3633 804 3710 quomrum
829 3606 966 3676 Praelati
992 3606 1114 3673 lieentia
1129 3628 1190 3672 non
1218 3609 1357 3687 obtenta,
1385 3629 1448 3677 non
1475 3605 1668 3698 obstantibus
1690 3619 1839 3713 Regula,

628 3732 660 3780 et
672 3703 1031 3806 quibns'cnnqneslatntis
1047 3702 1126 3772 attii
1144 3704 1274 3775 Ordinis
1304 3712 1484 3791 contrariis,
1500 3707 1632 3801 plenam
1651 3714 1837 3810 licentiam,

623 3831 659 3880 et
667 3809 868 3900 facultatem,
894 3826 997 3872 tenore
1007 3806 1226 3897 praesentium,
1258 3804 1466 3897 indulgemus.
1515 3808 1642 3878 Datum
1669 3817 1837 3915 utsupra

624 3911 675 3986 Il.
688 3902 825 3979 Kalend.
842 3905 981 3998 Aprilis,
1002 3926 1085 3971 anno
1104 3904 1195 3974 Vlll.

642 2745 994 2848 UExnmmta

1460 4079 1831 4181 Ntxxxxvnu.
