4859 5200
949 642 1008 719 *ἰ
1022 624 1051 726 “b
1076 624 1120 709 61
1146 625 1167 721 (
1190 633 1249 710 tt

490 770 629 840 ennium
644 764 834 862 refragetur.
886 764 934 837 Et
950 772 1100 864 quamuis
1111 762 1179 862 pvss
1200 763 1336 836 obitum¹
1348 768 1421 836 eiste
1442 762 1719 863 aipssfiolieose'de

492 889 628 940 vacante
645 871 679 940 S.
699 870 739 940 R.
760 869 801 940 E.
822 865 1101 941 cardinalesttibs
1123 864 1351 957 consolatorio,
1377 887 1429 935 vt·
1447 865 1550 954 dieis,
1572 864 1717 963 promise
1785 870 1788 875 ’

492 966 754 1060 transmiserint,
772 965 859 1062 quod
886 968 994 1037 eadem
1004 965 1101 1058 sedet
1123 965 1189 1061 pasl
1213 989 1286 1035 nom
1311 973 1341 1036 ei
1361 963 1454 1056 soret
1485 972 1647 1037 diuinitus
1674 968 1717 1040 dt
1776 974 1783 983 “

493 1066 668 1165 Christiani
676 1067 787 1160 populi
800 1064 921 1161 paslote
939 1065 1121 1163 prouisum,
1155 992 1210 1135 ad
1220 1063 1437 1162 profligandas
1453 1062 1494 1135 de
1513 1074 1582 1135 tuis
1592 1064 1719 1159 finibus·

492 1174 641 1238 notiones
660 1162 791 1260 infestas
816 1186 1001 1260 oportunam
1017 1163 1262 1258 solicitudinem
1288 1165 1471 1253 adhiberet,
1504 1164 1565 1236 tibi
1582 1186 1714 1262 tamen,
1821 1224 1826 1231 .

495 1274 592 1336 etiam
605 1263 765 1362 posquam
784 1268 874 1335 Deus
896 1267 1063 1359 Ecclefiom
1070 1265 1167 1359 suom
1181 1265 1354 1358 desummo
1364 1263 1522 1359 Pontifite
1534 1264 1712 1353 ordinauit,

495 1391 536 1438 ex
545 1364 602 1462 spe
616 1365 695 1436 data
715 1392 766 1436 res
782 1368 892 1463 aliqua
913 1391 975 1436 non
990 1374 1159 1463 prouenit:
1187 1375 1266 1464 quin
1290 1375 1398 1462 potius
1432 1365 1508 1435 inde
1534 1364 1652 1449 addite
1673 1366 1772 1456 eslf
1811 1445 1815 1454 ¹

494 1465 621 1565 offlitiis
637 1465 783 1563 offlilbio,
812 1489 844 1536 et
859 1465 1010 1562 moestitia
1038 1465 1210 1560 lulluosis,
1237 1465 1325 1537 vnde
1353 1468 1557 1537 reuelationis
1576 1465 1715 1557 consoler

495 1578 541 1638 tio
558 1566 757 1663 sperabatur.
824 1567 989 1664 Postulans
1014 1592 1084 1660 ergo
1110 1569 1171 1636 tibi
1198 1587 1307 1637 eontra
1335 1572 1517 1658 ingruentes
1543 1565 1719 1637 eorundem·

496 1660 709 1739 Tortorosmm
729 1665 867 1759 insultus
887 1694 970 1738 nurse
979 1666 1103 1759 saltem·
1114 1667 1269 1760 Ecclesae
1287 1667 1422 1760 confiliis
1439 1687 1472 1738 et
1488 1667 1624 1738 assxiliis
1632 1664 1713 1760 sub·

496 1778 627 1856 venire,
655 1766 835 1865 exprefflsli',
858 1769 939 1856 ficut
955 1771 1095 1864 placuit,
1123 1767 1210 1865 quod
1227 1764 1294 1863 'ipss
1312 1776 1347 1838 in
1359 1773 1464 1863 priori
1480 1764 1661 1859 discrimine
1678 1787 1718 1838 te

495 1869 653 1962 deseruit,
673 1890 704 1938 et
720 1869 909 1963 contempfit.
961 1867 1171 1963 SiprofeHo,
1197 1894 1260 1939 non
1275 1866 1459 1939 diiudicant
1477 1870 1565 1957 casus
1580 1890 1612 1939 et
1629 1889 1709 1940 tesn-

492 1991 571 2065 pora
588 1967 688 2058 testses
703 1969 888 2062 indignum,
912 1967 999 2066 qnod
1017 1968 1184 2066 praedtllo
1199 1968 1296 2061 sedes
1311 1969 1372 2040 tibi
1387 1976 1464 2038 tuin
1477 1989 1536 2062 pro
1552 1990 1629 2038 uoto
1646 1992 1717 2039 non·

497 2096 516 2136 a
544 2076 594 2135 uit
604 2123 614 2155 ,
625 2069 792 2137 etexinde
807 2069 935 2161 dignam
955 2058 1016 2138 tibi
1033 2069 1190 2162 exislimas
1206 2076 1379 2138 murmuris
1391 2065 1563 2162 proutsnffe
1578 2074 1710 2137 moteri-

493 2187 570 2252 am,
583 2184 664 2260 pone
682 2166 867 2260 quaesumus
884 2188 958 2234 astte
973 2170 1078 2234 oculos
1092 2189 1182 2253 tssos,
1200 2188 1232 2236 et
1247 2166 1377 2236 attende
1395 2164 1602 2260 propensus,
1638 2174 1710 2264 qui·

499 2265 558 2333 bus
583 2283 657 2332 trent
682 2269 829 2355 temporis
855 2264 988 2348 Ecclesa
1012 2263 1198 2352 versabatur
1222 2264 1449 2358 aduerstatnm
1467 2263 1640 2361 sublibus,
1675 2285 1731 2337 tt·

501 2364 616 2463 quibus
629 2359 1131 2457 dfftasltatstmimplicationibus
1147 2363 1332 2446 tenebatur,
1359 2371 1507 2461 qteostiam
1526 2374 1568 2435 iis
1576 2385 1709 2463 perpen-

491 2467 540 2560 ss
555 2490 644 2552 eom,
674 2483 715 2532 vt
729 2461 903 2550 credimus,
920 2464 1084 2533 avincula
1112 2472 1291 2560 improperii
1306 2467 1402 2535 buius
1422 2472 1457 2535 in
1474 2464 1591 2537 inditis
1610 2475 1722 2560 regiae*

499 2564 738 2662 desiderationis
753 2562 909 2657 obsolues,
935 2585 967 2635 et
982 2589 1046 2636 non
1071 2574 1100 2636 ei
1107 2564 1171 2657 sed
1194 2567 1337 2636 malitiae
1352 2573 1505 2665 temporis·
1518 2588 1550 2639 et
1563 2568 1710 2666 malegri-

499 2678 564 2740 tati
579 2668 778 2738 turbantium
790 2688 897 2761 paoem
915 2673 1004 2753 eius,
1022 2669 1176 2765 quicquid
1192 2675 1273 2738 cirta
1278 2665 1519 2761 subtitutionem
1529 2690 1618 2740 ossam
1633 2670 1720 2742 olim:

498 2769 635 2865 amisum
654 2777 800 2867 quaeris,
829 2767 999 2861 consenties
1016 2768 1249 2865 imputandum.
1302 2770 1452 2840 Mundus
1471 2792 1552 2844 certe
1573 2779 1725 2842 vniuer··
1804 2785 1807 2790 ’

491 2872 551 2966 sus
568 2879 718 2964 agnouit,
745 2890 777 2939 et
793 2891 831 2938 tu
850 2879 969 2964 egregia
985 2870 1205 2961 vniuerfitatis
1231 2880 1299 2940 eius
1316 2878 1423 2966 portio
1448 2895 1510 2941 non
1530 2892 1621 2967 petes
1645 2896 1718 2942 non·

497 2973 610 3066 sensse
627 2996 696 3040 cstm
713 2968 849 3053 mondo,
876 2971 962 3065 quod
977 2996 1012 3039 ea
1029 2969 1223 3064 tempestate,
1257 2997 1319 3066 quo
1345 2971 1553 3065 ecclesaslicae
1568 2970 1709 3063 srtbnen·

397 3083 399 3088 ’
499 3081 599 3144 tionis
615 3067 785 3165 implorasli
799 3063 1007 3163 suffragium,
1034 3090 1329 3142 euttotntcvs
1356 3071 1514 3167 qnondam
1538 3075 1722 3167 Imperator

500 3179 655 3245 acerrima
671 3176 706 3237 in
712 3167 821 3257 sedem
842 3165 1045 3259 Aposlolicom
1070 3167 1238 3265 tysasenide
1256 3168 1437 3260 saeuielat,
1472 3195 1539 3241 eam
1568 3172 1711 3242 omnibus
1758 3179 1767 3200 '

495 3265 746 3366 potentiaesuae
762 3265 888 3331 viribus
898 3264 1127 3362 persequendo,
1154 3269 1342 3352 intendens,
1369 3291 1408 3335 vt
1430 3269 1559 3361 oppressa
1577 3273 1649 3352 iba,
1676 3292 1717 3338 et‘

493 3368 581 3465 filiis
595 3373 663 3435 eius
680 3368 802 3434 nomini
806 3360 868 3451 suo
886 3362 1002 3460 absque
1027 3368 1096 3435 vllo
1115 3363 1322 3458 pratellionis
1346 3364 1495 3458 obstaculo
1514 3367 1721 3460 subiugatis„

501 3469 562 3569 epse
568 3466 776 3562 singulariter
791 3464 883 3533 velut
902 3470 1036 3535 immone
1043 3463 1245 3554 desolationis
1262 3461 1381 3534 idolum
1392 3485 1469 3562 prae
1479 3468 1709 3539 otteriscoltre·
1779 3463 1797 3494 s

401 3597 403 3602 ·
501 3593 566 3645 tur.
619 3571 680 3638 Pro
686 3563 750 3656 sua
770 3572 870 3659 s'gitus
880 3622 890 3653 ,
900 3584 932 3635 et
940 3563 1086 3657 filiorum
1104 3565 1251 3636 libertate
1267 3563 1387 3637 tuenda
1403 3575 1582 3639 tamisiam
1598 3567 1707 3642 eadem

501 3671 637 3766 Etobesa
656 3664 879 3759 eratfortigata
892 3663 1086 3762 dispendiis,
1112 3674 1215 3737 tantis
1234 3664 1413 3738 debitorum
1427 3670 1601 3760 oneribus,
1626 3698 1708 3772 quae

501 3771 662 3868 recesseris
671 3767 835 3861 subierat,
853 3768 1074 3863 premebatur,
1100 3766 1188 3865 qnod
1202 3775 1288 3839 inser
1306 3767 1463 3863 angtsslios
1478 3768 1557 3863 suos
1574 3780 1609 3844 ist
1632 3776 1708 3844 alie·

502 3889 580 3947 num
592 3869 780 3969 praesidium
797 3867 947 3965 respirare
964 3892 1027 3966 non
1044 3865 1191 3964 poterat,
1220 3891 1252 3938 et
1275 3868 1320 3939 ad
1341 3869 1492 3965 ipsirssm,
1515 3859 1711 3972 aliorumque

504 3974 680 4049 debitorum
698 3971 871 4067 reliquias,
893 3994 975 4067 quoe
992 3968 1094 4040 adbuc
1104 3967 1275 4060 soluendae
1283 3969 1472 4066 supersint,
1481 3973 1661 4066 fatuitates
1677 4003 1711 4046 e·

505 4085 559 4149 ius
577 4095 679 4173 usque
695 4067 934 4166 medesoffietre
949 4077 1176 4171 nequiuesunt.
1229 4071 1455 4147 Mbilominus
1471 4095 1578 4146 autem
1592 4081 1627 4144 in
1643 4097 1721 4150 tems

1102 4167 1233 4268 &hii
1372 4221 1386 4244 .
1530 4177 1723 4254 uehementii
1834 4209 1842 4220 ·
