4859 5200
1067 599 1378 699 *obumt-

609 721 768 816 secutorcs
797 744 830 799 et
852 723 954 821 hostes
975 723 1133 822 impendes
1149 725 1284 821 substdii
1304 725 1548 820 fulcimentum,
1574 759 1636 832 qao
1660 721 1819 809 hilarum

614 831 851 920 progenitorum·
870 825 1010 920 exempla
1028 846 1060 895 te
1076 823 1171 895 adid
1185 833 1299 898 merita
1314 826 1429 897 debent
1452 826 1599 903 inducere
1610 845 1746 930 potioris
1769 836 1819 928 cs·

610 921 727 1016 ficatio
742 918 886 999 rationis.
932 927 1016 995 Cum
1033 932 1152 1018 igitur,
1169 926 1251 1017 scut
1275 924 1372 1021 nosti,
1388 937 1552 998 memorati
1567 932 1817 1026 persecutorem
1914 1012 1919 1018 ,

597 1021 733 1120 hostes,
758 1023 803 1095 ad
822 1021 960 1121 eiusdem
977 1025 1165 1114 inuasonem
1177 1033 1269 1120 regni
1287 1024 1368 1119 suot
1392 1023 1543 1097 ardentes
1567 1033 1747 1124 exponenda
1768 1060 1818 1106 cc·

616 1145 730 1214 notus,
740 1127 855 1220 ,aliqua
873 1147 955 1196 nune
973 1122 1067 1220 ipsus
1082 1133 1172 1219 regni
1185 1128 1254 1197 Ioco
1271 1119 1417 1225 esequittr
1433 1122 1572 1235 inuafisp
1591 1122 1759 1220 dicantur,
1784 1119 1827 1203 σι’

617 1221 662 1292 ad
675 1223 890 1295 inuadendum
907 1226 974 1296 alia
987 1223 1137 1295 ardenter
1153 1223 1291 1323 aspirent
1300 1253 1314 1303 ;
1340 1225 1590 1320 magnitudinem
1606 1247 1695 1299 tuam
1727 1254 1818 1324 roga·

616 1346 687 1394 mus
702 1345 735 1395 et
750 1327 914 1396 hortamur
937 1332 1113 1412 attentius,
1139 1345 1172 1395 cc
1186 1345 1245 1421 per
1261 1329 1325 1397 Dei
1347 1324 1591 1420 misericordiam
1616 1327 1819 1421 obsecramus,

617 1444 771 1521 quatenus
785 1423 967 1497 huiusmodi
979 1431 1215 1520 progenitorum
1234 1424 1369 1521 ipsorum
1383 1425 1574 1498 inhaerendo
1592 1426 1750 1523 vnhc‘giss,
1764 1425 1819 1499 di.

617 1520 667 1594 tio
683 1526 763 1617 Regi
777 1545 887 1597 contra
899 1521 1111 1621 persecutores
1127 1545 1159 1594 et
1179 1523 1277 1619 hostes
1292 1521 1416 1596 eosdem
1427 1545 1485 1621 pro
1510 1523 1625 1597 diuina
1649 1547 1683 1597 et
1703 1525 1819 1624 opfin-

617 1623 696 1694 licat
708 1622 793 1713 sedis
816 1651 854 1694 oc
875 1624 978 1720 nostra
1002 1631 1182 1696 reuerentia
1201 1625 1244 1716 fic
1263 1644 1412 1721 potenter
1432 1614 1709 1724 affltrgasssſscque
1730 1627 1819 1699 ibum

615 1742 695 1793 tuae·
706 1733 832 1794 virtute
841 1731 1002 1820 potentiae
1018 1731 1158 1812 tutoris,
1185 1723 1272 1820 qaod
1282 1721 1492 1821 persecutores
1506 1745 1538 1794 et
1554 1723 1651 1821 hostes
1667 1725 1741 1822 ips,
1758 1746 1814 1798 tue

529 1860 534 1868 ·
610 1830 736 1918 potenti
749 1823 873 1894 brachio
888 1823 1052 1919 superati,
1075 1844 1225 1915 cogantur
1246 1843 1394 1919 occupata
1416 1820 1596 1912 dimittere,
1625 1845 1657 1894 et
1675 1823 1714 1895 ab
1738 1824 1818 1921 ipse·

615 1946 687 1993 rum
704 1925 798 2016 Regis
815 1944 846 1992 et
861 1932 950 2017 regni
961 1923 1226 2018 persecutionibus
1239 1924 1377 2016 restlirec
1402 1942 1495 2018 teque
1512 1921 1625 1994 diuir'ta
1642 1925 1817 2014 clementia,

609 2029 783 2117 percipiens
799 2044 877 2099 vota
893 2045 950 2093 tua
957 2022 1031 2114 suis
1038 2021 1136 2119 super
1149 2025 1206 2095 boc
1223 2022 1425 2119 beneplacitis
1440 2020 1655 2119 conformare,
1668 2019 1715 2091 ad
1728 2031 1816 2116 agni·

619 2127 735 2190 tionem
748 2120 799 2210 sui
809 2120 1008 2218 gloriasfflmi
1023 2127 1181 2211 nominis,
1202 2122 1270 2212 sne
1285 2146 1349 2216 quo
1367 2119 1456 2206 solus
1470 2116 1526 2212 ese
1538 2143 1604 2189 non
1619 2119 1739 2216 potes,
1763 2121 1819 2193 di.

586 2237 730 2312 3gnetuc
755 2217 996 2310 misericorditer
1029 2243 1190 2308 reuocare,
1215 2239 1249 2289 et
1271 2238 1329 2312 per
1353 2216 1486 2309 suorum
1514 2215 1650 2312 dirigere
1666 2217 1817 2311 semitam

618 2316 860 2394 mendatorum:
889 2339 921 2388 et
945 2318 1027 2406 tibi,
1045 2314 1113 2414 posb
1135 2326 1227 2390 vitae
1242 2315 1417 2413 praesentis
1440 2316 1621 2407 excursum,
1639 2324 1675 2390 in
1700 2319 1820 2416 coelesti

613 2427 723 2515 patrio
734 2438 923 2513 praeparare
928 2414 1075 2509 feliciter
1090 2419 1285 2516 monstenem,
1335 2418 1458 2524 Datum
1475 2418 1576 2492 Attin.
1589 2419 1655 2512 ΙΙΙΙ.
1669 2442 1743 2494 non.
1761 2421 1821 2505 Iu·
1930 2504 1941 2515 χ

616 2522 656 2592 bii
670 2542 753 2592 anno
773 2520 828 2596 Vl.

999 2845 1006 2853 ,
1096 2734 1160 2828 N.
1211 2736 1334 2827 [Χῖ.

501 2890 505 2899 ’
601 2867 609 2963 ss
666 2916 984 2987 necamus
1015 2897 1208 2997 vbifispro.

716 3019 894 3110 Magnifica
907 3019 976 3084 viro
1002 3027 1284 3083 conscensum
1309 3014 1497 3099 Imperatori
1518 3010 1730 3084 Tettcroram
1751 3039 1821 3105 gro.

759 3114 840 3179 siam
854 3110 888 3176 in
905 3102 1071 3192 praesenti,
1094 3123 1173 3188 quae
1187 3102 1334 3190 perducat
1347 3102 1385 3166 ad
1400 3099 1534 3184 gloriam
1549 3099 1582 3165 in
1597 3096 1714 3168 futuro.

616 3230 961 3405 'Pensalicitudincs
984 3239 1066 3309 obicis
1087 3233 1198 3332 nosris
1224 3236 1363 3304 humeris
1388 3228 1600 3301 incumbentes
1623 3233 1681 3310 hoc
1701 3243 1824 3331 perpeti

672 3374 753 3426 vero
768 3342 979 3427 reuoluimus,
996 3360 1028 3410 et
1046 3344 1080 3408 in
1098 3338 1154 3406 boc
1160 3331 1285 3427 solidae
1303 3334 1471 3400 charitatis
1489 3327 1602 3432 ardore
1618 3329 1735 3401 crebris
1749 3355 1823 3404 era·

624 3449 764 3530 tionibus
778 3474 799 3519 a
814 3447 949 3516 Domino
968 3438 1179 3538 postulamus,
1204 3452 1247 3503 vt
1269 3428 1330 3529 ipse
1352 3431 1434 3526 lapis
1456 3428 1635 3522 angularis,
1661 3437 1719 3528 quc·
1734 3429 1822 3523 fecie

624 3573 763 3655 ostroque
779 3569 899 3635 vnum,
911 3541 1005 3639 suam
1014 3533 1182 3634 nouam,
1204 3533 1418 3621 catholicam,
1433 3550 1465 3602 ct
1481 3527 1692 3624 vniuersaiem
1711 3529 1823 3606 Eccbte

618 3661 782 3756 suntote
799 3647 870 3728 orbe
887 3663 1043 3717 terraram
1061 3647 1095 3712 in
1112 3645 1240 3710 ‘onitate
1252 3630 1335 3731 fidei
1349 3629 1541 3705 orthodoxae
1564 3627 1733 3725 dignanter
1760 3629 1822 3704 ad·

627 3770 735 3848 iuuet,
752 3747 875 3827 cunibis
888 3743 1041 3824 mundum
1053 3759 1166 3839 purget
1182 3735 1359 3825 emarchus,
1387 3753 1418 3803 et
1434 3726 1600 3828 diffundat
1612 3738 1648 3805 in
1664 3732 1824 3807 mentibus.

624 3863 839 3956 ignorantium
854 3871 964 3925 nomen
979 3852 1047 3916 eius
1054 3839 1135 3935 suae
1152 3836 1260 3911 radios
1270 3837 1452 3924 'claritatis,
1473 3851 1515 3902 ue
1525 3828 1623 3928 ipsum
1642 3830 1823 3926 cognoscant

627 3963 731 4032 Deam
757 3963 870 4029 viuum
894 3970 927 4023 et
947 3966 1059 4020 oerum
1080 3948 1217 4034 omnium
1239 3936 1442 4008 conditorem.
1495 3934 1663 4028 Propterea
1688 3932 1824 4005 iubilurn

628 4055 762 4158 copiosae
774 4057 919 4198 laetitiae
933 4043 1095 4144 defidesiis
1109 4037 1221 4138 nosris
1233 4034 1446 4235 (gressum,
1461 4032 1496 4130 st
1523 4052 1555 4104 te
1571 4031 1701 4128 dignum
1711 4027 1824 4209 lblbhz
