4859 5200
945 648 949 655 ·
1027 604 1172 710 li.)
1199 624 1255 709 40
1280 606 1297 704 (
1318 615 1378 691 tt·

610 755 675 822 tior
692 733 939 835 tormentisne,
966 759 1027 836 quo
1049 745 1084 811 in
1101 743 1156 812 looc
1175 740 1401 813 exaltationem
1417 745 1468 809 tui
1489 745 1629 811 nominis
1651 762 1684 813 et
1700 744 1832 816 honoris

602 846 731 940 fortius
747 839 934 935 dignosceris
947 860 1126 938 procurare.
1172 842 1261 913 Nos
1285 846 1367 911 enim
1392 839 1452 910 tili
1470 861 1501 909 et
1526 866 1619 933 reguo
1641 842 1833 939 prandulo,

597 942 727 1044 ,quibus
749 949 785 1013 in
800 962 911 1014 tantae
927 939 1110 1041 ncceffitctis
1126 942 1264 1014 articulo
1278 935 1372 1034 deese
1388 964 1451 1011 nou
1469 938 1624 1038 posumus
1652 967 1709 1013 nec
1733 943 1834 1015 dele·

610 1068 701 1134 mus,
736 1042 842 1139 officim
867 1044 1048 1114 curabimus
1071 1045 1230 1115 auxilium
1254 1061 1286 1111 et
1314 1039 1472 1133 confilium
1501 1063 1661 1133 annuente
1686 1045 1828 1116 Domino

614 1151 843 1241 impertiri;ac
858 1141 1020 1238 personam
1041 1162 1074 1211 et
1084 1143 1250 1234 familiam
1268 1138 1419 1234 tuamsub
1430 1139 1626 1238 proteilioue
1634 1141 1724 1234 sedis
1741 1144 1833 1238 Apo·

608 1243 736 1342 fiolicae
755 1249 955 1338 recipientes,
973 1261 1005 1309 et
1020 1239 1120 1335 nostra
1139 1244 1199 1314 tibi
1214 1241 1419 1327 nomnibus,
1436 1250 1493 1339 qui
1507 1241 1653 1340 assumpto
1672 1243 1830 1337 crucisfi·

610 1343 744 1441 guaculo
760 1362 868 1412 centra
883 1332 1039 1410 Tartaron
1054 1339 1175 1410 eosdem
1192 1340 1238 1411 ad
1250 1339 1457 1432 defensionem
1472 1349 1560 1433 regni
1581 1342 1742 1436 praedicti
1752 1364 1831 1436 pro·

505 1444 532 1491 ³·
617 1441 775 1538 urserint,
801 1442 884 1512 illam
902 1448 1134 1511 immunitatem
1154 1439 1368 1521 concedimus,
1395 1463 1528 1535 eamque
1545 1439 1775 1532 indulgentiam
1792 1469 1827 1510 e.

617 1545 791 1635 largimur,
817 1567 899 1642 quae
916 1533 1175 1634 Terrmsonfloe
1184 1536 1442 1633 succurrentibus
1466 1544 1500 1606 in
1522 1540 1667 1629 generali
1696 1541 1830 1612 concilio

618 1640 838 1715 conceduntur.
867 1646 947 1715 Dat.
966 1644 1075 1716 Later.
1094 1642 1137 1715 X
1142 1641 1178 1714 V
1178 1642 1206 1713 1.
1225 1639 1302 1710 Kal.
1320 1638 1396 1708 Iulii
1412 1661 1487 1710 aun.
1504 1637 1588 1710 XV.

1105 1853 1168 1942 N·
1211 1853 1345 1942 v111.

706 2009 763 2086 Ex
788 2025 934 2090 onon.
960 1998 1225 2092 RAYNAL'D.
1247 2007 1309 2091 obi
1312 2007 1433 2113 stupra
1446 2025 1481 2108 p.
1487 2028 1580 2112 504.
1595 2033 1630 2093 n.
1650 2026 1703 2108 27.
1711 2006 1751 2107 fi

789 2186 916 2236 necne
929 2168 1033 2236 illustri
1054 2169 1132 2256 Regi
1142 2170 1310 2288 Virginius.

565 2355 571 2362 .
677 2312 730 2359 nm
746 2283 790 2357 ad
807 2310 923 2356 arcana
946 2281 1084 2380 pefloris
1101 2282 1222 2376 faciem
1240 2276 1355 2352 metitis
1375 2289 1607 2369 conuertimus,
1636 2287 1721 2350 inter
1747 2283 1836 2371 alia,

690 2413 770 2488 quae
786 2385 826 2457 de
843 2409 903 2460 cu
914 2412 937 2458 R
948 2411 957 2456 ι
968 2407 1017 2457 ετ
1029 2406 1040 2460 1
1049 2381 1274 2481 fidelibussul
1288 2380 1472 2474 diuerfitate
1488 2402 1659 2479 temporum
1687 2383 1837 2474 eligimus

556 2503 566 2519 “’
623 2485 867 2567 commendanda
882 2485 1277 2570 memoriae‚immnctclnta
1294 2503 1421 2550 tuorum
1433 2489 1667 2574 progenitorum
1676 2481 1784 2574 fides,
1804 2505 1838 2552 et

619 2596 737 2687 finiero
754 2586 880 2657 deuotio
897 2584 1168 2654 uobis'oecurrunt
1176 2579 1280 2673 dignis
1289 2579 1438 2650 laudibus
1446 2579 1626 2676 specialiter
1643 2581 1836 2659 recolendam
1863 2643 1866 2648 .

588 2775 593 2781 Ι
618 2690 802 2792 praesertim
822 2676 890 2755 cum
906 2682 1157 2781 progenitoribus
1174 2680 1243 2774 ipsst
1260 2706 1323 2750 nou
1333 2680 1433 2770 solum
1444 2682 1642 2770 deriuatione
1656 2680 1835 2776 sanguinis,

615 2792 678 2883 sed
696 2792 815 2859 illorum
828 2791 1050 2877 propagatione
1061 2780 1245 2871 succedens,
1272 2805 1304 2849 eo
1321 2777 1459 2850 crebrius
1474 2788 1508 2850 iu
1525 2782 1613 2850 nolis
1628 2785 1750 2851 illorum
1768 2808 1834 2853 me·
1861 2827 1867 2834 -

623 2895 755 2963 moriam
788 2879 938 2971 refricet,
968 2903 1029 2975 quo
1046 2878 1212 2948 eorundem
1228 2887 1376 2948 imitatus
1395 2879 1523 2975 vestigia
1550 2881 1628 2975 ipsos
1647 2882 1834 2979 frequenti·

623 3014 664 3061 us
690 2978 920 3079 repraesentas:
947 2999 1005 3048 tua
1028 3002 1150 3075 quoque
1168 2976 1327 3069 serenitas
1354 2980 1400 3074 stc
1419 2980 1535 3075 semper
1560 2989 1641 3050 circo
1668 2983 1834 3076 Ecclefiam

624 3083 789 3188 offellioue
825 3100 928 3175 pura,
954 3100 985 3148 et
1011 3077 1180 3173 inconcusse
1226 3106 1280 3149 corr
1305 3088 1396 3151 antia
1439 3083 1575 3164 claruit,
1600 3103 1641 3151 vt
1650 3082 1723 3175 suis
1751 3082 1835 3174 obse.

623 3196 712 3289 quiis
732 3186 974 3279 opportunitatis
1014 3199 1151 3273 tempore
1170 3179 1205 3270 se
1231 3079 1363 3278 trifilem
1387 3203 1594 3267 reuerenter‚
1621 3185 1766 3268 honorem
1786 3207 1831 3273 ‚e-

624 3298 677 3363 ius
689 3295 778 3357 inter
793 3302 909 3352 ceteros
926 3278 1010 3349 orbis
1022 3287 1180 3375 principes
1188 3279 1359 3371 feruenter
1385 3290 1521 3378 optarit,
1546 3307 1677 3379 eumque
1697 3281 1829 3380 sludue·

626 3399 694 3483 rit,
722 3381 853 3481 exposta
874 3377 918 3450 ad
932 3382 987 3449 lsoc
996 3378 1077 3472 suae
1087 3389 1251 3475 potentiae
1277 3383 1419 3471 brachio,
1455 3380 1602 3477 indefeso
1632 3382 1835 3471 solicitudine

619 3511 800 3590 procurare.
849 3484 953 3573 Digne
977 3489 1105 3577 itaque,
1132 3488 1199 3551 tuis
1223 3480 1441 3579 liliorumque
1453 3494 1688 3579 progenitorum
1708 3492 1835 3577 exigen-

617 3593 713 3662 tibus
729 3590 871 3664 meritis,
897 3581 1041 3649 Romano
1058 3582 1151 3649 Eccle
1163 3606 1193 3648 sa
1211 3601 1242 3649 ee
1261 3603 1370 3649 tacitae
1387 3583 1566 3652 deuotionis
1592 3592 1688 3653 ritulo
1706 3586 1835 3679 insigni·

626 3709 695 3757 tum
723 3695 809 3754 intra
837 3675 969 3773 clauslra
995 3678 1097 3747 cordis
1123 3674 1286 3773 asellione
1305 3691 1468 3777 praecipue
1493 3684 1657 3770 baiulans,
1688 3706 1719 3752 et
1745 3684 1838 3776 orofra

623 3795 740 3858 mentio
756 3783 853 3851 viera
872 3779 1009 3849 brachiis
1023 3778 1222 3870 stnceritatis
1244 3778 1432 3875 astringens,
1458 3785 1507 3853 illo
1537 3806 1625 3854 tecam
1649 3786 1836 3880 priuilegiat

516 3887 520 3892 ’
623 3908 727 3960 amore
738 3878 923 3975 personam,
947 3899 988 3948 vt
1004 3902 1070 3948 eam
1088 3885 1173 3947 inter
1191 3904 1275 3972 reges
1289 3883 1368 3950 alios
1379 3880 1511 3974 fauoris
1529 3906 1559 3953 et
1569 3897 1694 3977 gratiae
1704 3906 1837 3980 praero-

584 4037 586 4044 .
617 3994 735 4087 gatiua
754 3974 863 4077 efferat
877 3976 1044 4071 specialis:
1069 3986 1204 4047 maxime
1223 4005 1290 4050 cum
1308 3990 1342 4050 in
1360 4003 1391 4051 te
1408 3982 1554 4054 deriuato
1579 4008 1705 4055 totorum
1726 3987 1838 4083 probi·

623 4113 692 4162 tate
706 4083 873 4182 parentum
883 4074 1108 4170 foecundiores
1124 4086 1285 4152 virtutum
1292 4079 1428 4172 fruitus
1443 4109 1482 4154 ex
1499 4109 1534 4153 erc
1559 4087 1679 4181 colligat
1706 4093 1740 4157 in
1759 4107 1838 4184 pro·

1720 4198 1837 4281 pagine
