<?xml version="1.0" encoding="UTF-8"?>
<!DOCTYPE html PUBLIC "-//W3C//DTD XHTML 1.0 Transitional//EN"
    "http://www.w3.org/TR/xhtml1/DTD/xhtml1-transitional.dtd">
<html xmlns="http://www.w3.org/1999/xhtml" xml:lang="en" lang="en">
 <head>
  <title>
</title>
<meta http-equiv="Content-Type" content="text/html;charset=utf-8" />
  <meta name='ocr-system' content='tesseract 3.04.00' />
  <meta name='ocr-capabilities' content='ocr_page ocr_carea ocr_par ocr_line ocrx_word'/>
</head>
<body>
  <div class='ocr_page' id='page_1' title='image "./iolavrentiimosh00moshgoog_0276.png"; bbox 0 0 4859 5200; ppageno 0'>
   <div class='ocr_carea' id='block_1_1' title="bbox 951 617 1248 715">
    <p class='ocr_par' dir='ltr' id='par_1_1' title="bbox 951 617 1248 715">
     <span class='ocr_line' id='line_1_1' title="bbox 951 617 1248 715; baseline -0.01 -3"><span class='ocrx_word' id='word_1_1' title='bbox 951 617 1248 715; x_wconf 55' lang='grc' dir='ltr'><em>«ΜΒΝ»</em></span> 
     </span>
    </p>
   </div>
   <div class='ocr_carea' id='block_1_2' title="bbox 489 743 1703 1633">
    <p class='ocr_par' dir='ltr' id='par_1_2' title="bbox 489 743 1703 1633">
     <span class='ocr_line' id='line_1_2' title="bbox 495 743 1697 857; baseline 0.009 -42"><span class='ocrx_word' id='word_1_2' title='bbox 495 769 551 815; x_wconf 88' lang='lat' dir='ltr'><em>nec</em></span> <span class='ocrx_word' id='word_1_3' title='bbox 567 746 684 836; x_wconf 84' lang='lat' dir='ltr'><em>aliam,</em></span> <span class='ocrx_word' id='word_1_4' title='bbox 710 767 804 844; x_wconf 80' lang='lat' dir='ltr'><em>quarn</em></span> <span class='ocrx_word' id='word_1_5' title='bbox 818 743 1041 841; x_wconf 75' lang='lat' dir='ltr'><em>Nosiorionom</em></span> <span class='ocrx_word' id='word_1_6' title='bbox 1047 747 1207 843; x_wconf 83' lang='lat' dir='ltr'><em>publicare</em></span> <span class='ocrx_word' id='word_1_7' title='bbox 1223 743 1411 823; x_wconf 77' lang='lat' dir='ltr'><em>Astirirors.</em></span> <span class='ocrx_word' id='word_1_8' title='bbox 1463 751 1697 857; x_wconf 79' lang='lat' dir='ltr'><em>Adharsqori·</em></span> 
     </span>
     <span class='ocr_line' id='line_1_3' title="bbox 493 841 1695 954; baseline 0.003 -40"><span class='ocrx_word' id='word_1_9' title='bbox 493 843 564 914; x_wconf 77' lang='lat' dir='ltr'><em>deon</em></span> <span class='ocrx_word' id='word_1_10' title='bbox 582 866 686 916; x_wconf 84' lang='lat' dir='ltr'><em>terres</em></span> <span class='ocrx_word' id='word_1_11' title='bbox 703 870 758 917; x_wconf 87' lang='lat' dir='ltr'><em>net</em></span> <span class='ocrx_word' id='word_1_12' title='bbox 774 848 892 940; x_wconf 85' lang='lat' dir='ltr'><em>aliquis</em></span> <span class='ocrx_word' id='word_1_13' title='bbox 912 845 1094 940; x_wconf 73' lang='lat' dir='ltr'><em>Apostolus,</em></span> <span class='ocrx_word' id='word_1_14' title='bbox 1118 871 1174 917; x_wconf 88' lang='lat' dir='ltr'><em>nes</em></span> <span class='ocrx_word' id='word_1_15' title='bbox 1190 841 1404 941; x_wconf 73' lang='lat' dir='ltr'><em>Apostolorum</em></span> <span class='ocrx_word' id='word_1_16' title='bbox 1433 847 1604 946; x_wconf 73' lang='lat' dir='ltr'><em>discipulus</em></span> <span class='ocrx_word' id='word_1_17' title='bbox 1620 877 1695 954; x_wconf 70' lang='lat' dir='ltr'><em>per.</em></span> 
     </span>
     <span class='ocr_line' id='line_1_4' title="bbox 491 939 1693 1044; baseline 0.002 -31"><span class='ocrx_word' id='word_1_18' title='bbox 491 952 602 1027; x_wconf 73' lang='lat' dir='ltr'><em>venit,</em></span> <span class='ocrx_word' id='word_1_19' title='bbox 623 966 655 1015; x_wconf 89' lang='lat' dir='ltr'><em>et</em></span> <span class='ocrx_word' id='word_1_20' title='bbox 671 943 741 1014; x_wconf 84' lang='lat' dir='ltr'><em>ideo</em></span> <span class='ocrx_word' id='word_1_21' title='bbox 756 942 899 1038; x_wconf 86' lang='lat' dir='ltr'><em>praefati</em></span> <span class='ocrx_word' id='word_1_22' title='bbox 920 945 1106 1038; x_wconf 77' lang='lat' dir='ltr'><em>Nestoriani</em></span> <span class='ocrx_word' id='word_1_23' title='bbox 1116 965 1174 1039; x_wconf 88' lang='lat' dir='ltr'><em>per</em></span> <span class='ocrx_word' id='word_1_24' title='bbox 1186 943 1239 1033; x_wconf 86' lang='lat' dir='ltr'><em>se,</em></span> <span class='ocrx_word' id='word_1_25' title='bbox 1266 965 1298 1014; x_wconf 86' lang='lat' dir='ltr'><em>et</em></span> <span class='ocrx_word' id='word_1_26' title='bbox 1307 966 1368 1040; x_wconf 93' lang='lat' dir='ltr'><em>per</em></span> <span class='ocrx_word' id='word_1_27' title='bbox 1384 948 1465 1017; x_wconf 88' lang='lat' dir='ltr'><em>alios</em></span> <span class='ocrx_word' id='word_1_28' title='bbox 1477 939 1610 1044; x_wconf 74' lang='lat' dir='ltr'><em>persenia</em></span> <span class='ocrx_word' id='word_1_29' title='bbox 1625 981 1693 1031; x_wconf 68' lang='lat' dir='ltr'><em>m.</em></span> 
     </span>
     <span class='ocr_line' id='line_1_5' title="bbox 493 1043 1698 1155; baseline 0.005 -44"><span class='ocrx_word' id='word_1_30' title='bbox 493 1062 621 1137; x_wconf 85' lang='lat' dir='ltr'><em>ruptos,</em></span> <span class='ocrx_word' id='word_1_31' title='bbox 645 1043 872 1138; x_wconf 82' lang='lat' dir='ltr'><em>persecutiones</em></span> <span class='ocrx_word' id='word_1_32' title='bbox 889 1045 968 1112; x_wconf 81' lang='lat' dir='ltr'><em>mihi</em></span> <span class='ocrx_word' id='word_1_33' title='bbox 982 1044 1175 1139; x_wconf 78' lang='lat' dir='ltr'><em>groniffirnas</em></span> <span class='ocrx_word' id='word_1_34' title='bbox 1190 1044 1371 1114; x_wconf 87' lang='lat' dir='ltr'><em>intulerunt</em></span> <span class='ocrx_word' id='word_1_35' title='bbox 1392 1098 1402 1132; x_wconf 90' lang='lat'>,</span> <span class='ocrx_word' id='word_1_36' title='bbox 1432 1045 1596 1140; x_wconf 73' lang='lat' dir='ltr'><em>afferentes</em></span> <span class='ocrx_word' id='word_1_37' title='bbox 1610 1053 1698 1155; x_wconf 93' lang='grc' dir='ltr'><em>Μ</em></span> 
     </span>
     <span class='ocr_line' id='line_1_6' title="bbox 489 1137 1703 1240; baseline 0.012 -30"><span class='ocrx_word' id='word_1_38' title='bbox 489 1165 553 1210; x_wconf 86' lang='lat' dir='ltr'><em>non</em></span> <span class='ocrx_word' id='word_1_39' title='bbox 577 1138 660 1234; x_wconf 78' lang='lat' dir='ltr'><em>esem</em></span> <span class='ocrx_word' id='word_1_40' title='bbox 687 1137 790 1231; x_wconf 74' lang='lat' dir='ltr'><em>mifflos</em></span> <span class='ocrx_word' id='word_1_41' title='bbox 812 1166 833 1210; x_wconf 94' lang='lat' dir='ltr'><em>a</em></span> <span class='ocrx_word' id='word_1_42' title='bbox 861 1143 996 1211; x_wconf 84' lang='lat' dir='ltr'><em>Domino</em></span> <span class='ocrx_word' id='word_1_43' title='bbox 1014 1145 1119 1234; x_wconf 87' lang='lat' dir='ltr'><em>Papa,</em></span> <span class='ocrx_word' id='word_1_44' title='bbox 1140 1140 1199 1230; x_wconf 88' lang='lat' dir='ltr'><em>sed</em></span> <span class='ocrx_word' id='word_1_45' title='bbox 1219 1138 1304 1233; x_wconf 76' lang='lat' dir='ltr'><em>esem</em></span> <span class='ocrx_word' id='word_1_46' title='bbox 1322 1167 1453 1235; x_wconf 84' lang='lat' dir='ltr'><em>magnus</em></span> <span class='ocrx_word' id='word_1_47' title='bbox 1469 1149 1648 1240; x_wconf 77' lang='lat' dir='ltr'><em>explorator</em></span> <span class='ocrx_word' id='word_1_48' title='bbox 1662 1173 1703 1224; x_wconf 83' lang='lat' dir='ltr'><em>ee·</em></span> 
     </span>
     <span class='ocr_line' id='line_1_7' title="bbox 490 1238 1697 1342; baseline -0.002 -31"><span class='ocrx_word' id='word_1_49' title='bbox 490 1238 688 1311; x_wconf 75' lang='lat' dir='ltr'><em>dementator</em></span> <span class='ocrx_word' id='word_1_50' title='bbox 704 1243 884 1327; x_wconf 81' lang='lat' dir='ltr'><em>hominurn,</em></span> <span class='ocrx_word' id='word_1_51' title='bbox 908 1258 941 1308; x_wconf 88' lang='lat' dir='ltr'><em>et</em></span> <span class='ocrx_word' id='word_1_52' title='bbox 950 1239 1046 1330; x_wconf 62' lang='lat' dir='ltr'><em>sotio</em></span> <span class='ocrx_word' id='word_1_53' title='bbox 1063 1243 1171 1337; x_wconf 85' lang='lat' dir='ltr'><em>aliquo</em></span> <span class='ocrx_word' id='word_1_54' title='bbox 1189 1240 1353 1310; x_wconf 66' lang='lat' dir='ltr'><em>interraso</em></span> <span class='ocrx_word' id='word_1_55' title='bbox 1374 1253 1522 1338; x_wconf 85' lang='lat' dir='ltr'><em>temporis</em></span> <span class='ocrx_word' id='word_1_56' title='bbox 1537 1301 1547 1333; x_wconf 87' lang='lat'>,</span> <span class='ocrx_word' id='word_1_57' title='bbox 1576 1247 1697 1342; x_wconf 68' lang='lat' dir='ltr'><em>produ.</em></span> 
     </span>
     <span class='ocr_line' id='line_1_8' title="bbox 490 1337 1693 1449; baseline 0.008 -41"><span class='ocrx_word' id='word_1_58' title='bbox 490 1358 609 1408; x_wconf 78' lang='lat' dir='ltr'><em>xerunt</em></span> <span class='ocrx_word' id='word_1_59' title='bbox 625 1342 704 1408; x_wconf 85' lang='lat' dir='ltr'><em>alios</em></span> <span class='ocrx_word' id='word_1_60' title='bbox 712 1337 816 1429; x_wconf 82' lang='lat' dir='ltr'><em>salsos</em></span> <span class='ocrx_word' id='word_1_61' title='bbox 832 1337 920 1435; x_wconf 73' lang='lat' dir='ltr'><em>tester</em></span> <span class='ocrx_word' id='word_1_62' title='bbox 929 1337 1087 1435; x_wconf 81' lang='lat' dir='ltr'><em>dicenter,</em></span> <span class='ocrx_word' id='word_1_63' title='bbox 1110 1339 1197 1436; x_wconf 78' lang='lat' dir='ltr'><em>qnod</em></span> <span class='ocrx_word' id='word_1_64' title='bbox 1212 1339 1332 1436; x_wconf 80' lang='lat' dir='ltr'><em>aliquis</em></span> <span class='ocrx_word' id='word_1_65' title='bbox 1345 1351 1480 1413; x_wconf 79' lang='lat' dir='ltr'><em>nuntius</em></span> <span class='ocrx_word' id='word_1_66' title='bbox 1491 1340 1563 1430; x_wconf 85' lang='lat' dir='ltr'><em>sreit</em></span> <span class='ocrx_word' id='word_1_67' title='bbox 1578 1345 1693 1449; x_wconf 62' lang='lat' dir='ltr'><em>mesine,</em></span> 
     </span>
     <span class='ocr_line' id='line_1_9' title="bbox 490 1436 1696 1534; baseline 0.008 -26"><span class='ocrx_word' id='word_1_68' title='bbox 490 1436 638 1529; x_wconf 77' lang='lat' dir='ltr'><em>deserens</em></span> <span class='ocrx_word' id='word_1_69' title='bbox 656 1441 839 1534; x_wconf 80' lang='lat' dir='ltr'><em>Imperatori</em></span> <span class='ocrx_word' id='word_1_70' title='bbox 854 1444 1027 1507; x_wconf 81' lang='lat' dir='ltr'><em>maximum</em></span> <span class='ocrx_word' id='word_1_71' title='bbox 1055 1439 1260 1529; x_wconf 64' lang='lat' dir='ltr'><em>thfisnrnnr,</em></span> <span class='ocrx_word' id='word_1_72' title='bbox 1298 1459 1331 1508; x_wconf 88' lang='lat' dir='ltr'><em>et</em></span> <span class='ocrx_word' id='word_1_73' title='bbox 1345 1438 1433 1534; x_wconf 83' lang='lat' dir='ltr'><em>qnod</em></span> <span class='ocrx_word' id='word_1_74' title='bbox 1446 1463 1499 1533; x_wconf 86' lang='lat' dir='ltr'><em>ego</em></span> <span class='ocrx_word' id='word_1_75' title='bbox 1514 1442 1600 1513; x_wconf 69' lang='lat' dir='ltr'><em>iinon</em></span> <span class='ocrx_word' id='word_1_76' title='bbox 1617 1454 1696 1518; x_wconf 83' lang='lat' dir='ltr'><em>occi·</em></span> 
     </span>
     <span class='ocr_line' id='line_1_10' title="bbox 489 1533 1698 1633; baseline 0.006 -25"><span class='ocrx_word' id='word_1_77' title='bbox 489 1536 592 1608; x_wconf 76' lang='lat' dir='ltr'><em>dtrim</em></span> <span class='ocrx_word' id='word_1_78' title='bbox 608 1543 643 1606; x_wconf 92' lang='lat' dir='ltr'><em>in</em></span> <span class='ocrx_word' id='word_1_79' title='bbox 665 1535 778 1622; x_wconf 79' lang='lat' dir='ltr'><em>india,</em></span> <span class='ocrx_word' id='word_1_80' title='bbox 804 1555 836 1606; x_wconf 92' lang='lat' dir='ltr'><em>et</em></span> <span class='ocrx_word' id='word_1_81' title='bbox 851 1533 1027 1624; x_wconf 72' lang='lat' dir='ltr'><em>abstulerim</em></span> <span class='ocrx_word' id='word_1_82' title='bbox 1044 1562 1124 1633; x_wconf 82' lang='lat' dir='ltr'><em>quae</em></span> <span class='ocrx_word' id='word_1_83' title='bbox 1139 1535 1310 1630; x_wconf 83' lang='lat' dir='ltr'><em>portabat,</em></span> <span class='ocrx_word' id='word_1_84' title='bbox 1336 1556 1368 1606; x_wconf 88' lang='lat' dir='ltr'><em>et</em></span> <span class='ocrx_word' id='word_1_85' title='bbox 1386 1537 1520 1610; x_wconf 74' lang='lat' dir='ltr'><em>durarit</em></span> <span class='ocrx_word' id='word_1_86' title='bbox 1534 1543 1611 1614; x_wconf 79' lang='lat' dir='ltr'><em>haec</em></span> <span class='ocrx_word' id='word_1_87' title='bbox 1624 1568 1698 1618; x_wconf 61' lang='lat' dir='ltr'><em>mas</em></span> 
     </span>
    </p>
   </div>
   <div class='ocr_carea' id='block_1_3' title="bbox 493 1633 1814 1732">
    <p class='ocr_par' dir='ltr' id='par_1_3' title="bbox 493 1633 1814 1732">
     <span class='ocr_line' id='line_1_11' title="bbox 493 1633 1814 1732; baseline 0.005 -25"><span class='ocrx_word' id='word_1_88' title='bbox 493 1634 631 1707; x_wconf 83' lang='lat' dir='ltr'><em>chinatio</em></span> <span class='ocrx_word' id='word_1_89' title='bbox 652 1644 775 1705; x_wconf 79' lang='lat' dir='ltr'><em>circiter</em></span> <span class='ocrx_word' id='word_1_90' title='bbox 792 1643 930 1731; x_wconf 78' lang='lat' dir='ltr'><em>quinque</em></span> <span class='ocrx_word' id='word_1_91' title='bbox 945 1657 1055 1708; x_wconf 82' lang='lat' dir='ltr'><em>annos.</em></span> <span class='ocrx_word' id='word_1_92' title='bbox 1108 1637 1158 1704; x_wconf 89' lang='lat' dir='ltr'><em>Ito</em></span> <span class='ocrx_word' id='word_1_93' title='bbox 1170 1633 1314 1730; x_wconf 73' lang='lat' dir='ltr'><em>persaepe</em></span> <span class='ocrx_word' id='word_1_94' title='bbox 1329 1634 1375 1706; x_wconf 80' lang='lat' dir='ltr'><em>ad</em></span> <span class='ocrx_word' id='word_1_95' title='bbox 1388 1635 1541 1708; x_wconf 76' lang='lat' dir='ltr'><em>indicium</em></span> <span class='ocrx_word' id='word_1_96' title='bbox 1547 1638 1610 1732; x_wconf 87' lang='lat' dir='ltr'><em>fni</em></span> <span class='ocrx_word' id='word_1_97' title='bbox 1626 1663 1695 1715; x_wconf 89' lang='lat' dir='ltr'><em>tra·</em></span> <span class='ocrx_word' id='word_1_98' title='bbox 1811 1652 1814 1661; x_wconf 94' lang='lat'>&#39;</span> 
     </span>
    </p>
   </div>
   <div class='ocr_carea' id='block_1_4' title="bbox 479 1725 1787 4204">
    <p class='ocr_par' dir='ltr' id='par_1_4' title="bbox 479 1725 1787 4204">
     <span class='ocr_line' id='line_1_12' title="bbox 492 1725 1693 1835; baseline 0.006 -32"><span class='ocrx_word' id='word_1_99' title='bbox 492 1733 564 1803; x_wconf 71' lang='grc' dir='ltr'><em>ἱῖιιι</em></span> <span class='ocrx_word' id='word_1_100' title='bbox 579 1757 647 1804; x_wconf 83' lang='lat' dir='ltr'><em>curn</em></span> <span class='ocrx_word' id='word_1_101' title='bbox 665 1741 835 1826; x_wconf 69' lang='lat' dir='ltr'><em>ignominia</em></span> <span class='ocrx_word' id='word_1_102' title='bbox 851 1740 973 1821; x_wconf 85' lang='lat' dir='ltr'><em>mortis.</em></span> <span class='ocrx_word' id='word_1_103' title='bbox 1050 1725 1203 1804; x_wconf 85' lang='lat' dir='ltr'><em>Tamdeno</em></span> <span class='ocrx_word' id='word_1_104' title='bbox 1216 1753 1275 1826; x_wconf 89' lang='lat' dir='ltr'><em>per</em></span> <span class='ocrx_word' id='word_1_105' title='bbox 1298 1732 1461 1804; x_wconf 72' lang='lat' dir='ltr'><em>trinodem</em></span> <span class='ocrx_word' id='word_1_106' title='bbox 1475 1736 1693 1835; x_wconf 64' lang='lat' dir='ltr'><em>confisam,</em></span> 
     </span>
     <span class='ocr_line' id='line_1_13' title="bbox 492 1831 1695 1928; baseline 0.004 -24"><span class='ocrx_word' id='word_1_107' title='bbox 492 1835 560 1904; x_wconf 87' lang='lat' dir='ltr'><em>Deo</em></span> <span class='ocrx_word' id='word_1_108' title='bbox 575 1831 775 1928; x_wconf 78' lang='lat' dir='ltr'><em>disponente,</em></span> <span class='ocrx_word' id='word_1_109' title='bbox 801 1834 973 1927; x_wconf 76' lang='lat' dir='ltr'><em>imperator</em></span> <span class='ocrx_word' id='word_1_110' title='bbox 990 1841 1133 1924; x_wconf 87' lang='lat' dir='ltr'><em>cognouit</em></span> <span class='ocrx_word' id='word_1_111' title='bbox 1146 1855 1245 1901; x_wconf 85' lang='lat' dir='ltr'><em>meam</em></span> <span class='ocrx_word' id='word_1_112' title='bbox 1259 1839 1470 1903; x_wconf 88' lang='lat' dir='ltr'><em>innocentiam</em></span> <span class='ocrx_word' id='word_1_113' title='bbox 1486 1856 1520 1905; x_wconf 89' lang='lat' dir='ltr'><em>et</em></span> <span class='ocrx_word' id='word_1_114' title='bbox 1536 1838 1695 1915; x_wconf 72' lang='lat' dir='ltr'><em>malitiam</em></span> 
     </span>
     <span class='ocr_line' id='line_1_14' title="bbox 489 1931 1693 2034; baseline -0.001 -31"><span class='ocrx_word' id='word_1_115' title='bbox 489 1934 702 2019; x_wconf 82' lang='lat' dir='ltr'><em>aemulorum,</em></span> <span class='ocrx_word' id='word_1_116' title='bbox 729 1955 806 2029; x_wconf 85' lang='lat' dir='ltr'><em>qnos</em></span> <span class='ocrx_word' id='word_1_117' title='bbox 830 1955 899 2000; x_wconf 85' lang='lat' dir='ltr'><em>curn</em></span> <span class='ocrx_word' id='word_1_118' title='bbox 923 1932 1078 2001; x_wconf 77' lang='lat' dir='ltr'><em>tortoribus</em></span> <span class='ocrx_word' id='word_1_119' title='bbox 1102 1952 1134 1999; x_wconf 91' lang='lat' dir='ltr'><em>et</em></span> <span class='ocrx_word' id='word_1_120' title='bbox 1150 1931 1260 2000; x_wconf 84' lang='lat' dir='ltr'><em>liberis</em></span> <span class='ocrx_word' id='word_1_121' title='bbox 1277 1933 1372 2000; x_wconf 81' lang='lat' dir='ltr'><em>exilio</em></span> <span class='ocrx_word' id='word_1_122' title='bbox 1389 1935 1549 2025; x_wconf 81' lang='lat' dir='ltr'><em>relegauit.</em></span> <span class='ocrx_word' id='word_1_123' title='bbox 1626 1939 1693 2034; x_wconf 70' lang='lat' dir='ltr'><em>Ego</em></span> 
     </span>
     <span class='ocr_line' id='line_1_15' title="bbox 489 2018 1692 2128; baseline 0.006 -30"><span class='ocrx_word' id='word_1_124' title='bbox 489 2054 567 2099; x_wconf 79' lang='lat' dir='ltr'><em>vero</em></span> <span class='ocrx_word' id='word_1_125' title='bbox 582 2030 666 2113; x_wconf 80' lang='lat' dir='ltr'><em>solos</em></span> <span class='ocrx_word' id='word_1_126' title='bbox 683 2039 718 2099; x_wconf 85' lang='lat' dir='ltr'><em>in</em></span> <span class='ocrx_word' id='word_1_127' title='bbox 737 2034 797 2100; x_wconf 83' lang='lat' dir='ltr'><em>hoc</em></span> <span class='ocrx_word' id='word_1_128' title='bbox 809 2037 1060 2128; x_wconf 84' lang='lat' dir='ltr'><em>peregrinatione</em></span> <span class='ocrx_word' id='word_1_129' title='bbox 1073 2029 1129 2119; x_wconf 84' lang='lat' dir='ltr'><em>sui</em></span> <span class='ocrx_word' id='word_1_130' title='bbox 1135 2026 1302 2123; x_wconf 86' lang='lat' dir='ltr'><em>snesocio</em></span> <span class='ocrx_word' id='word_1_131' title='bbox 1319 2018 1692 2122; x_wconf 53' lang='lat' dir='ltr'><em>antissiodorenses</em></span> 
     </span>
     <span class='ocr_line' id='line_1_16' title="bbox 491 2123 1694 2219; baseline 0.006 -23"><span class='ocrx_word' id='word_1_132' title='bbox 491 2134 585 2196; x_wconf 83' lang='lat' dir='ltr'><em>verrit</em></span> <span class='ocrx_word' id='word_1_133' title='bbox 598 2126 643 2196; x_wconf 81' lang='lat' dir='ltr'><em>od</em></span> <span class='ocrx_word' id='word_1_134' title='bbox 657 2150 705 2195; x_wconf 80' lang='grc' dir='ltr'><em>ιιι</em></span> <span class='ocrx_word' id='word_1_135' title='bbox 713 2125 824 2217; x_wconf 83' lang='lat' dir='ltr'><em>frater</em></span> <span class='ocrx_word' id='word_1_136' title='bbox 856 2150 881 2198; x_wconf 80' lang='lat' dir='ltr'><em>n</em></span> <span class='ocrx_word' id='word_1_137' title='bbox 892 2150 953 2198; x_wconf 69' lang='lat' dir='ltr'><em>ouo</em></span> <span class='ocrx_word' id='word_1_138' title='bbox 965 2148 986 2196; x_wconf 94' lang='lat'>0</span> <span class='ocrx_word' id='word_1_139' title='bbox 997 2150 1018 2196; x_wconf 80' lang='grc' dir='ltr'><em>ι</em></span> <span class='ocrx_word' id='word_1_140' title='bbox 1030 2150 1053 2198; x_wconf 83' lang='lat' dir='ltr'><em>n</em></span> <span class='ocrx_word' id='word_1_141' title='bbox 1064 2147 1114 2198; x_wconf 82' lang='lat' dir='ltr'><em>vt</em></span> <span class='ocrx_word' id='word_1_142' title='bbox 1145 2129 1343 2195; x_wconf 67' lang='lat' dir='ltr'><em>Alemannis</em></span> <span class='ocrx_word' id='word_1_143' title='bbox 1366 2123 1406 2194; x_wconf 85' lang='lat' dir='ltr'><em>de</em></span> <span class='ocrx_word' id='word_1_144' title='bbox 1417 2133 1582 2219; x_wconf 80' lang='lat' dir='ltr'><em>prouincia</em></span> <span class='ocrx_word' id='word_1_145' title='bbox 1600 2132 1694 2204; x_wconf 73' lang='lat' dir='ltr'><em>cito·</em></span> 
     </span>
     <span class='ocr_line' id='line_1_17' title="bbox 491 2221 1692 2320; baseline -0.004 -27"><span class='ocrx_word' id='word_1_146' title='bbox 491 2233 581 2313; x_wconf 86' lang='lat' dir='ltr'><em>niae,</em></span> <span class='ocrx_word' id='word_1_147' title='bbox 605 2247 688 2292; x_wconf 85' lang='lat' dir='ltr'><em>nnnc</em></span> <span class='ocrx_word' id='word_1_148' title='bbox 706 2222 745 2316; x_wconf 73' lang='lat' dir='ltr'><em>es</em></span> <span class='ocrx_word' id='word_1_149' title='bbox 762 2222 1042 2312; x_wconf 81' lang='lat' dir='ltr'><em>onrrnrsecnndur.</em></span> <span class='ocrx_word' id='word_1_150' title='bbox 1105 2223 1207 2292; x_wconf 88' lang='lat' dir='ltr'><em>Vnam</em></span> <span class='ocrx_word' id='word_1_151' title='bbox 1233 2222 1399 2315; x_wconf 79' lang='lat' dir='ltr'><em>Ecclesam</em></span> <span class='ocrx_word' id='word_1_152' title='bbox 1412 2221 1580 2320; x_wconf 74' lang='lat' dir='ltr'><em>aedificasti</em></span> <span class='ocrx_word' id='word_1_153' title='bbox 1594 2234 1630 2301; x_wconf 83' lang='lat' dir='ltr'><em>t‘ro</em></span> <span class='ocrx_word' id='word_1_154' title='bbox 1647 2239 1692 2302; x_wconf 86' lang='lat' dir='ltr'><em>ri.</em></span> 
     </span>
     <span class='ocr_line' id='line_1_18' title="bbox 492 2317 1730 2421; baseline 0.007 -31"><span class='ocrx_word' id='word_1_155' title='bbox 492 2329 598 2394; x_wconf 81' lang='lat' dir='ltr'><em>vitate</em></span> <span class='ocrx_word' id='word_1_156' title='bbox 614 2320 827 2404; x_wconf 84' lang='lat' dir='ltr'><em>Cambaliech‚</em></span> <span class='ocrx_word' id='word_1_157' title='bbox 849 2320 908 2389; x_wconf 75' lang='lat' dir='ltr'><em>vii</em></span> <span class='ocrx_word' id='word_1_158' title='bbox 923 2318 963 2414; x_wconf 83' lang='lat' dir='ltr'><em>est</em></span> <span class='ocrx_word' id='word_1_159' title='bbox 972 2327 1140 2416; x_wconf 83' lang='lat' dir='ltr'><em>praecipita</em></span> <span class='ocrx_word' id='word_1_160' title='bbox 1156 2317 1321 2414; x_wconf 69' lang='lat' dir='ltr'><em>residentia</em></span> <span class='ocrx_word' id='word_1_161' title='bbox 1338 2321 1450 2414; x_wconf 82' lang='lat' dir='ltr'><em>Regis,</em></span> <span class='ocrx_word' id='word_1_162' title='bbox 1505 2349 1601 2421; x_wconf 82' lang='lat' dir='ltr'><em>quarn</em></span> <span class='ocrx_word' id='word_1_163' title='bbox 1616 2350 1697 2407; x_wconf 54' lang='lat' dir='ltr'><em>arete¹</em></span> <span class='ocrx_word' id='word_1_164' title='bbox 1724 2331 1730 2342; x_wconf 86' lang='lat'><em>&#39;</em></span> 
     </span>
     <span class='ocr_line' id='line_1_19' title="bbox 479 2418 1688 2520; baseline 0.004 -28"><span class='ocrx_word' id='word_1_165' title='bbox 479 2421 542 2516; x_wconf 81' lang='lat' dir='ltr'><em>sest</em></span> <span class='ocrx_word' id='word_1_166' title='bbox 555 2443 653 2491; x_wconf 88' lang='lat' dir='ltr'><em>annos</em></span> <span class='ocrx_word' id='word_1_167' title='bbox 663 2421 811 2513; x_wconf 82' lang='lat' dir='ltr'><em>complesti</em></span> <span class='ocrx_word' id='word_1_168' title='bbox 819 2477 828 2506; x_wconf 86' lang='lat'>,</span> <span class='ocrx_word' id='word_1_169' title='bbox 854 2418 911 2489; x_wconf 82' lang='lat' dir='ltr'><em>vbi</em></span> <span class='ocrx_word' id='word_1_170' title='bbox 925 2427 1020 2489; x_wconf 87' lang='lat' dir='ltr'><em>etiam</em></span> <span class='ocrx_word' id='word_1_171' title='bbox 1032 2418 1102 2510; x_wconf 89' lang='lat' dir='ltr'><em>seci</em></span> <span class='ocrx_word' id='word_1_172' title='bbox 1116 2419 1311 2512; x_wconf 85' lang='lat' dir='ltr'><em>campanile,</em></span> <span class='ocrx_word' id='word_1_173' title='bbox 1336 2438 1370 2489; x_wconf 91' lang='lat' dir='ltr'><em>et</em></span> <span class='ocrx_word' id='word_1_174' title='bbox 1383 2419 1427 2490; x_wconf 71' lang='lat' dir='ltr'><em>iii</em></span> <span class='ocrx_word' id='word_1_175' title='bbox 1443 2439 1508 2491; x_wconf 87' lang='lat' dir='ltr'><em>tres</em></span> <span class='ocrx_word' id='word_1_176' title='bbox 1524 2443 1688 2520; x_wconf 79' lang='lat' dir='ltr'><em>campanos</em></span> 
     </span>
     <span class='ocr_line' id='line_1_20' title="bbox 488 2516 1692 2621; baseline 0.003 -32"><span class='ocrx_word' id='word_1_177' title='bbox 488 2517 590 2621; x_wconf 85' lang='lat' dir='ltr'><em>posrii.</em></span> <span class='ocrx_word' id='word_1_178' title='bbox 639 2522 815 2616; x_wconf 81' lang='lat' dir='ltr'><em>Baptizarei</em></span> <span class='ocrx_word' id='word_1_179' title='bbox 831 2527 925 2589; x_wconf 89' lang='lat' dir='ltr'><em>etiarn</em></span> <span class='ocrx_word' id='word_1_180' title='bbox 943 2518 1058 2589; x_wconf 76' lang='lat' dir='ltr'><em>ibidem</em></span> <span class='ocrx_word' id='word_1_181' title='bbox 1083 2539 1123 2589; x_wconf 84' lang='lat' dir='ltr'><em>ot</em></span> <span class='ocrx_word' id='word_1_182' title='bbox 1139 2516 1278 2614; x_wconf 77' lang='lat' dir='ltr'><em>existimo</em></span> <span class='ocrx_word' id='word_1_183' title='bbox 1301 2543 1404 2617; x_wconf 78' lang='lat' dir='ltr'><em>resque</em></span> <span class='ocrx_word' id='word_1_184' title='bbox 1427 2517 1520 2591; x_wconf 82' lang='lat' dir='ltr'><em>bodie</em></span> <span class='ocrx_word' id='word_1_185' title='bbox 1543 2523 1692 2619; x_wconf 75' lang='lat' dir='ltr'><em>circasers</em></span> 
     </span>
     <span class='ocr_line' id='line_1_21' title="bbox 491 2614 1693 2718; baseline 0.001 -25"><span class='ocrx_word' id='word_1_186' title='bbox 491 2623 588 2693; x_wconf 77' lang='lat' dir='ltr'><em>miliia</em></span> <span class='ocrx_word' id='word_1_187' title='bbox 598 2619 824 2717; x_wconf 82' lang='lat' dir='ltr'><em>personarum,</em></span> <span class='ocrx_word' id='word_1_188' title='bbox 849 2641 882 2690; x_wconf 92' lang='lat' dir='ltr'><em>et</em></span> <span class='ocrx_word' id='word_1_189' title='bbox 897 2614 1306 2713; x_wconf 61' lang='lat' dir='ltr'><em>nistfuisentsupraditiae</em></span> <span class='ocrx_word' id='word_1_190' title='bbox 1321 2617 1578 2718; x_wconf 83' lang='lat' dir='ltr'><em>informationes,·</em></span> <span class='ocrx_word' id='word_1_191' title='bbox 1588 2623 1628 2693; x_wconf 81' lang='lat' dir='ltr'><em>bo</em></span> <span class='ocrx_word' id='word_1_192' title='bbox 1647 2631 1693 2700; x_wconf 64' lang='lat' dir='ltr'><em>iio</em></span> 
     </span>
     <span class='ocr_line' id='line_1_22' title="bbox 489 2643 1693 2815; baseline 0.002 -21"><span class='ocrx_word' id='word_1_193' title='bbox 489 2718 602 2815; x_wconf 72' lang='lat' dir='ltr'><em>zoster</em></span> <span class='ocrx_word' id='word_1_194' title='bbox 616 2712 712 2790; x_wconf 73' lang='lat' dir='ltr'><em>‘oltra¹</em></span> <span class='ocrx_word' id='word_1_195' title='bbox 725 2725 858 2812; x_wconf 86' lang='lat' dir='ltr'><em>triginta</em></span> <span class='ocrx_word' id='word_1_196' title='bbox 874 2722 981 2805; x_wconf 70' lang='lat' dir='ltr'><em>missio,</em></span> <span class='ocrx_word' id='word_1_197' title='bbox 991 2739 1024 2787; x_wconf 88' lang='lat' dir='ltr'><em>et</em></span> <span class='ocrx_word' id='word_1_198' title='bbox 1031 2716 1105 2808; x_wconf 89' lang='lat' dir='ltr'><em>sreon</em></span> <span class='ocrx_word' id='word_1_199' title='bbox 1114 2716 1308 2813; x_wconf 88' lang='lat' dir='ltr'><em>frequenter</em></span> <span class='ocrx_word' id='word_1_200' title='bbox 1324 2726 1361 2788; x_wconf 88' lang='lat' dir='ltr'><em>in</em></span> <span class='ocrx_word' id='word_1_201' title='bbox 1377 2718 1582 2814; x_wconf 78' lang='lat' dir='ltr'><em>baptizando.</em></span> <span class='ocrx_word' id='word_1_202' title='bbox 1608 2643 1693 2796; x_wconf 60' lang='lat' dir='ltr'><em>Issos</em></span> 
     </span>
     <span class='ocr_line' id='line_1_23' title="bbox 488 2814 1690 2918; baseline -0.002 -25"><span class='ocrx_word' id='word_1_203' title='bbox 488 2829 549 2893; x_wconf 88' lang='lat' dir='ltr'><em>erni</em></span> <span class='ocrx_word' id='word_1_204' title='bbox 556 2818 717 2918; x_wconf 76' lang='lat' dir='ltr'><em>sutcefflne</em></span> <span class='ocrx_word' id='word_1_205' title='bbox 732 2820 794 2888; x_wconf 75' lang='lat' dir='ltr'><em>ct.</em></span> <span class='ocrx_word' id='word_1_206' title='bbox 810 2836 949 2913; x_wconf 82' lang='lat' dir='ltr'><em>pueros,</em></span> <span class='ocrx_word' id='word_1_207' title='bbox 981 2815 1073 2909; x_wconf 81' lang='lat' dir='ltr'><em>filios</em></span> <span class='ocrx_word' id='word_1_208' title='bbox 1091 2833 1286 2911; x_wconf 74' lang='lat' dir='ltr'><em>paganorum</em></span> <span class='ocrx_word' id='word_1_209' title='bbox 1312 2826 1431 2886; x_wconf 86' lang='lat' dir='ltr'><em>aetatis</em></span> <span class='ocrx_word' id='word_1_210' title='bbox 1446 2814 1536 2909; x_wconf 87' lang='lat' dir='ltr'><em>insra</em></span> <span class='ocrx_word' id='word_1_211' title='bbox 1562 2817 1690 2916; x_wconf 57' lang='lat' dir='ltr'><em>Vlli&#39;e&#39;p</em></span> 
     </span>
     <span class='ocr_line' id='line_1_24' title="bbox 490 2914 1787 3015; baseline -0.001 -27"><span class='ocrx_word' id='word_1_212' title='bbox 490 2919 532 2994; x_wconf 85' lang='lat' dir='ltr'><em>X</em></span> <span class='ocrx_word' id='word_1_213' title='bbox 532 2924 553 2991; x_wconf 80' lang='grc' dir='ltr'><em>Ι.</em></span> <span class='ocrx_word' id='word_1_214' title='bbox 573 2939 746 3004; x_wconf 80' lang='lat' dir='ltr'><em>antrorum,</em></span> <span class='ocrx_word' id='word_1_215' title='bbox 778 2926 836 3012; x_wconf 79' lang='lat' dir='ltr'><em>qui</em></span> <span class='ocrx_word' id='word_1_216' title='bbox 852 2919 968 2986; x_wconf 78' lang='lat' dir='ltr'><em>nuliam</em></span> <span class='ocrx_word' id='word_1_217' title='bbox 982 2917 1082 2984; x_wconf 86' lang='lat' dir='ltr'><em>adhuc</em></span> <span class='ocrx_word' id='word_1_218' title='bbox 1099 2914 1313 3005; x_wconf 82' lang='lat' dir='ltr'><em>cognoscebant</em></span> <span class='ocrx_word' id='word_1_219' title='bbox 1327 2918 1442 3007; x_wconf 81' lang='lat' dir='ltr'><em>legem,</em></span> <span class='ocrx_word' id='word_1_220' title='bbox 1475 2916 1688 3015; x_wconf 78' lang='lat' dir='ltr'><em>etbaptizaui</em></span> <span class='ocrx_word' id='word_1_221' title='bbox 1783 2981 1787 2986; x_wconf 93' lang='grc'><em>.</em></span> 
     </span>
     <span class='ocr_line' id='line_1_25' title="bbox 490 3012 1773 3116; baseline 0.005 -31"><span class='ocrx_word' id='word_1_222' title='bbox 490 3043 557 3102; x_wconf 84' lang='lat' dir='ltr'><em>ess,</em></span> <span class='ocrx_word' id='word_1_223' title='bbox 584 3015 757 3111; x_wconf 82' lang='lat' dir='ltr'><em>insoronaui</em></span> <span class='ocrx_word' id='word_1_224' title='bbox 773 3035 824 3078; x_wconf 91' lang='lat' dir='ltr'><em>eos</em></span> <span class='ocrx_word' id='word_1_225' title='bbox 839 3014 959 3079; x_wconf 71' lang='lat' dir='ltr'><em>litteris</em></span> <span class='ocrx_word' id='word_1_226' title='bbox 978 3012 1124 3095; x_wconf 86' lang='lat' dir='ltr'><em>Latinis,</em></span> <span class='ocrx_word' id='word_1_227' title='bbox 1149 3030 1180 3074; x_wconf 88' lang='lat' dir='ltr'><em>et</em></span> <span class='ocrx_word' id='word_1_228' title='bbox 1196 3013 1329 3078; x_wconf 88' lang='lat' dir='ltr'><em>Graecis</em></span> <span class='ocrx_word' id='word_1_229' title='bbox 1347 3019 1414 3079; x_wconf 83' lang='lat' dir='ltr'><em>ritu</em></span> <span class='ocrx_word' id='word_1_230' title='bbox 1431 3012 1550 3116; x_wconf 69' lang='lat' dir='ltr'><em>nostro,</em></span> <span class='ocrx_word' id='word_1_231' title='bbox 1574 3018 1691 3109; x_wconf 70' lang='lat' dir='ltr'><em>etscrie</em></span> <span class='ocrx_word' id='word_1_232' title='bbox 1768 3062 1773 3069; x_wconf 95' lang='lat'>·</span> 
     </span>
     <span class='ocr_line' id='line_1_26' title="bbox 486 3104 1691 3214; baseline -0.001 -31"><span class='ocrx_word' id='word_1_233' title='bbox 486 3116 533 3214; x_wconf 76' lang='lat' dir='ltr'><em>ps</em></span> <span class='ocrx_word' id='word_1_234' title='bbox 543 3136 600 3211; x_wconf 92' lang='lat' dir='ltr'><em>pro</em></span> <span class='ocrx_word' id='word_1_235' title='bbox 619 3120 663 3181; x_wconf 86' lang='lat' dir='ltr'><em>eir</em></span> <span class='ocrx_word' id='word_1_236' title='bbox 678 3108 847 3205; x_wconf 84' lang='lat' dir='ltr'><em>psalteria,</em></span> <span class='ocrx_word' id='word_1_237' title='bbox 864 3129 933 3176; x_wconf 76' lang='lat' dir='ltr'><em>cnm</em></span> <span class='ocrx_word' id='word_1_238' title='bbox 950 3107 1122 3199; x_wconf 79' lang='lat' dir='ltr'><em>hymnariis</em></span> <span class='ocrx_word' id='word_1_239' title='bbox 1138 3104 1261 3178; x_wconf 85' lang='lat' dir='ltr'><em>XXX.</em></span> <span class='ocrx_word' id='word_1_240' title='bbox 1287 3126 1320 3176; x_wconf 88' lang='lat' dir='ltr'><em>tt</em></span> <span class='ocrx_word' id='word_1_241' title='bbox 1336 3104 1400 3176; x_wconf 86' lang='lat' dir='ltr'><em>dno</em></span> <span class='ocrx_word' id='word_1_242' title='bbox 1421 3108 1602 3200; x_wconf 75' lang='lat' dir='ltr'><em>irretiaris,</em></span> <span class='ocrx_word' id='word_1_243' title='bbox 1619 3137 1691 3194; x_wconf 74' lang='lat' dir='ltr'><em>orere</em></span> 
     </span>
     <span class='ocr_line' id='line_1_27' title="bbox 492 3200 1692 3310; baseline 0.001 -28"><span class='ocrx_word' id='word_1_244' title='bbox 492 3214 607 3310; x_wconf 79' lang='lat' dir='ltr'><em>quibus</em></span> <span class='ocrx_word' id='word_1_245' title='bbox 629 3211 692 3278; x_wconf 83' lang='lat' dir='ltr'><em>XI.</em></span> <span class='ocrx_word' id='word_1_246' title='bbox 714 3212 806 3299; x_wconf 86' lang='lat' dir='ltr'><em>pueri</em></span> <span class='ocrx_word' id='word_1_247' title='bbox 829 3211 893 3272; x_wconf 87' lang='lat' dir='ltr'><em>iarn</em></span> <span class='ocrx_word' id='word_1_248' title='bbox 915 3201 1023 3291; x_wconf 84' lang='lat' dir='ltr'><em>scirent</em></span> <span class='ocrx_word' id='word_1_249' title='bbox 1036 3200 1165 3296; x_wconf 83' lang='lat' dir='ltr'><em>officinm</em></span> <span class='ocrx_word' id='word_1_250' title='bbox 1195 3202 1349 3298; x_wconf 74' lang='lat' dir='ltr'><em>nostum,</em></span> <span class='ocrx_word' id='word_1_251' title='bbox 1375 3226 1408 3274; x_wconf 87' lang='lat' dir='ltr'><em>et</em></span> <span class='ocrx_word' id='word_1_252' title='bbox 1432 3227 1540 3280; x_wconf 90' lang='lat' dir='ltr'><em>tenent</em></span> <span class='ocrx_word' id='word_1_253' title='bbox 1562 3213 1692 3290; x_wconf 78' lang='lat' dir='ltr'><em>chortem</em></span> 
     </span>
     <span class='ocr_line' id='line_1_28' title="bbox 490 3297 1734 3415; baseline -0.01 -34"><span class='ocrx_word' id='word_1_254' title='bbox 490 3332 523 3381; x_wconf 93' lang='lat' dir='ltr'><em>et</em></span> <span class='ocrx_word' id='word_1_255' title='bbox 540 3303 765 3389; x_wconf 81' lang='lat' dir='ltr'><em>hebdomadas,</em></span> <span class='ocrx_word' id='word_1_256' title='bbox 786 3302 867 3390; x_wconf 80' lang='lat' dir='ltr'><em>ficret</em></span> <span class='ocrx_word' id='word_1_257' title='bbox 882 3309 916 3370; x_wconf 92' lang='lat' dir='ltr'><em>in</em></span> <span class='ocrx_word' id='word_1_258' title='bbox 925 3300 1137 3370; x_wconf 78' lang='lat' dir='ltr'><em>conuentibus</em></span> <span class='ocrx_word' id='word_1_259' title='bbox 1141 3299 1207 3393; x_wconf 83' lang='lat' dir='ltr'><em>st,</em></span> <span class='ocrx_word' id='word_1_260' title='bbox 1223 3301 1294 3391; x_wconf 80' lang='lat' dir='ltr'><em>stne</em></span> <span class='ocrx_word' id='word_1_261' title='bbox 1304 3297 1530 3400; x_wconf 63' lang='lat' dir='ltr'><em>praesensio,</em></span> <span class='ocrx_word' id='word_1_262' title='bbox 1541 3307 1692 3415; x_wconf 59' lang='lat' dir='ltr'><em>&#39;ieronemr</em></span> <span class='ocrx_word' id='word_1_263' title='bbox 1730 3357 1734 3380; x_wconf 74' lang='grc'><strong><em>,</em></strong></span> 
     </span>
     <span class='ocr_line' id='line_1_29' title="bbox 493 3396 1731 3505; baseline 0.002 -29"><span class='ocrx_word' id='word_1_264' title='bbox 493 3430 526 3481; x_wconf 86' lang='grc' dir='ltr'><em>ιι</em></span> <span class='ocrx_word' id='word_1_265' title='bbox 537 3410 645 3505; x_wconf 86' lang='lat' dir='ltr'><em>plures</em></span> <span class='ocrx_word' id='word_1_266' title='bbox 663 3427 703 3471; x_wconf 83' lang='lat' dir='ltr'><em>ex</em></span> <span class='ocrx_word' id='word_1_267' title='bbox 716 3407 761 3469; x_wconf 90' lang='lat' dir='ltr'><em>eis</em></span> <span class='ocrx_word' id='word_1_268' title='bbox 781 3398 920 3483; x_wconf 82' lang='lat' dir='ltr'><em>scribunt</em></span> <span class='ocrx_word' id='word_1_269' title='bbox 931 3396 1100 3493; x_wconf 75' lang='lat' dir='ltr'><em>pfirlteria,</em></span> <span class='ocrx_word' id='word_1_270' title='bbox 1127 3402 1242 3468; x_wconf 84' lang='lat' dir='ltr'><em>etalio</em></span> <span class='ocrx_word' id='word_1_271' title='bbox 1260 3416 1461 3495; x_wconf 76' lang='lat' dir='ltr'><em>opportunas</em></span> <span class='ocrx_word' id='word_1_272' title='bbox 1493 3422 1528 3472; x_wconf 85' lang='lat' dir='ltr'><em>er</em></span> <span class='ocrx_word' id='word_1_273' title='bbox 1542 3401 1693 3496; x_wconf 71' lang='lat' dir='ltr'><em>dominns-</em></span> <span class='ocrx_word' id='word_1_274' title='bbox 1728 3403 1731 3408; x_wconf 78' lang='grc'>’</span> 
     </span>
     <span class='ocr_line' id='line_1_30' title="bbox 494 3497 1692 3604; baseline 0.001 -28"><span class='ocrx_word' id='word_1_275' title='bbox 494 3512 665 3604; x_wconf 85' lang='lat' dir='ltr'><em>Imperator</em></span> <span class='ocrx_word' id='word_1_276' title='bbox 682 3498 819 3572; x_wconf 67' lang='lat' dir='ltr'><em>detersae</em></span> <span class='ocrx_word' id='word_1_277' title='bbox 836 3502 971 3570; x_wconf 82' lang='lat' dir='ltr'><em>molium</em></span> <span class='ocrx_word' id='word_1_278' title='bbox 988 3503 1024 3566; x_wconf 84' lang='lat' dir='ltr'><em>irs</em></span> <span class='ocrx_word' id='word_1_279' title='bbox 1043 3518 1138 3567; x_wconf 84' lang='lat' dir='ltr'><em>caretro</em></span> <span class='ocrx_word' id='word_1_280' title='bbox 1153 3521 1267 3570; x_wconf 82' lang='lat' dir='ltr'><em>correns.</em></span> <span class='ocrx_word' id='word_1_281' title='bbox 1318 3497 1495 3594; x_wconf 84' lang='lat' dir='ltr'><em>Campanas</em></span> <span class='ocrx_word' id='word_1_282' title='bbox 1517 3501 1563 3576; x_wconf 83' lang='lat' dir='ltr'><em>ad</em></span> <span class='ocrx_word' id='word_1_283' title='bbox 1585 3529 1692 3591; x_wconf 76' lang='lat' dir='ltr'><em>ornnes</em></span> 
     </span>
     <span class='ocr_line' id='line_1_31' title="bbox 493 3595 1693 3704; baseline -0.003 -22"><span class='ocrx_word' id='word_1_284' title='bbox 493 3615 587 3683; x_wconf 82' lang='lat' dir='ltr'><em>boras</em></span> <span class='ocrx_word' id='word_1_285' title='bbox 600 3601 715 3704; x_wconf 78' lang='lat' dir='ltr'><em>pulso,</em></span> <span class='ocrx_word' id='word_1_286' title='bbox 749 3620 780 3671; x_wconf 90' lang='lat' dir='ltr'><em>et</em></span> <span class='ocrx_word' id='word_1_287' title='bbox 806 3624 874 3671; x_wconf 84' lang='lat' dir='ltr'><em>curn</em></span> <span class='ocrx_word' id='word_1_288' title='bbox 907 3617 1062 3668; x_wconf 83' lang='lat' dir='ltr'><em>conuentu</em></span> <span class='ocrx_word' id='word_1_289' title='bbox 1083 3595 1260 3688; x_wconf 83' lang='lat' dir='ltr'><em>insontium</em></span> <span class='ocrx_word' id='word_1_290' title='bbox 1283 3596 1693 3698; x_wconf 58' lang='lat' dir='ltr'><em>alenconensium</em></span> 
     </span>
     <span class='ocr_line' id='line_1_32' title="bbox 494 3696 1691 3807; baseline -0.001 -26"><span class='ocrx_word' id='word_1_291' title='bbox 494 3709 625 3807; x_wconf 75' lang='lat' dir='ltr'><em>efficium</em></span> <span class='ocrx_word' id='word_1_292' title='bbox 657 3701 777 3796; x_wconf 84' lang='lat' dir='ltr'><em>socio,</em></span> <span class='ocrx_word' id='word_1_293' title='bbox 820 3720 852 3769; x_wconf 87' lang='lat' dir='ltr'><em>et</em></span> <span class='ocrx_word' id='word_1_294' title='bbox 874 3696 1049 3791; x_wconf 82' lang='lat' dir='ltr'><em>secundnm</em></span> <span class='ocrx_word' id='word_1_295' title='bbox 1077 3696 1168 3789; x_wconf 84' lang='lat' dir='ltr'><em>vsrent</em></span> <span class='ocrx_word' id='word_1_296' title='bbox 1199 3720 1388 3788; x_wconf 81' lang='lat' dir='ltr'><em>cantamus,</em></span> <span class='ocrx_word' id='word_1_297' title='bbox 1435 3709 1513 3798; x_wconf 83' lang='lat' dir='ltr'><em>qnia</em></span> <span class='ocrx_word' id='word_1_298' title='bbox 1544 3723 1691 3784; x_wconf 72' lang='lat' dir='ltr'><em>notatum</em></span> 
     </span>
     <span class='ocr_line' id='line_1_33' title="bbox 493 3798 1691 3905; baseline -0.011 -24"><span class='ocrx_word' id='word_1_299' title='bbox 493 3808 622 3905; x_wconf 76' lang='lat' dir='ltr'><em>officinm</em></span> <span class='ocrx_word' id='word_1_300' title='bbox 637 3828 700 3877; x_wconf 87' lang='lat' dir='ltr'><em>non</em></span> <span class='ocrx_word' id='word_1_301' title='bbox 718 3799 874 3871; x_wconf 74' lang='lat' dir='ltr'><em>habentur.</em></span> <span class='ocrx_word' id='word_1_302' title='bbox 937 3798 1083 3892; x_wconf 78' lang='lat' dir='ltr'><em>,Quidam</em></span> <span class='ocrx_word' id='word_1_303' title='bbox 1098 3800 1171 3869; x_wconf 77' lang='lat' dir='ltr'><em>Rex</em></span> <span class='ocrx_word' id='word_1_304' title='bbox 1185 3799 1271 3869; x_wconf 78' lang='lat' dir='ltr'><em>iilius</em></span> <span class='ocrx_word' id='word_1_305' title='bbox 1287 3805 1423 3892; x_wconf 83' lang='lat' dir='ltr'><em>regionis</em></span> <span class='ocrx_word' id='word_1_306' title='bbox 1448 3823 1538 3892; x_wconf 68' lang='lat'><em>010</em></span> <span class='ocrx_word' id='word_1_307' title='bbox 1546 3829 1629 3890; x_wconf 71' lang='lat' dir='ltr'><em>Res</em></span> <span class='ocrx_word' id='word_1_308' title='bbox 1640 3829 1691 3898; x_wconf 62' lang='grc' dir='ltr'>η</span> 
     </span>
     <span class='ocr_line' id='line_1_34' title="bbox 493 3896 1691 4001; baseline 0.002 -23"><span class='ocrx_word' id='word_1_309' title='bbox 493 3906 535 3980; x_wconf 72' lang='lat' dir='ltr'><em>de</em></span> <span class='ocrx_word' id='word_1_310' title='bbox 542 3905 628 4001; x_wconf 66' lang='lat' dir='ltr'><em>seila</em></span> <span class='ocrx_word' id='word_1_311' title='bbox 644 3900 903 3999; x_wconf 71' lang='lat' dir='ltr'><em>Nestorionorrrrn</em></span> <span class='ocrx_word' id='word_1_312' title='bbox 920 3896 1184 3995; x_wconf 63' lang='lat' dir='ltr'><em>Cnrffliononan,</em></span> <span class='ocrx_word' id='word_1_313' title='bbox 1219 3905 1277 3995; x_wconf 78' lang='lat' dir='ltr'><em>qni</em></span> <span class='ocrx_word' id='word_1_314' title='bbox 1304 3918 1374 3968; x_wconf 85' lang='lat' dir='ltr'><em>erat</em></span> <span class='ocrx_word' id='word_1_315' title='bbox 1396 3896 1438 3989; x_wconf 79' lang='lat' dir='ltr'><em>de</em></span> <span class='ocrx_word' id='word_1_316' title='bbox 1451 3917 1565 3996; x_wconf 84' lang='lat' dir='ltr'><em>gener&#39;e</em></span> <span class='ocrx_word' id='word_1_317' title='bbox 1580 3904 1691 4001; x_wconf 61' lang='lat' dir='ltr'><em>illustri</em></span> 
     </span>
     <span class='ocr_line' id='line_1_35' title="bbox 494 3995 1692 4100; baseline -0.001 -28"><span class='ocrx_word' id='word_1_318' title='bbox 494 4008 608 4099; x_wconf 80' lang='lat' dir='ltr'><em>Magni</em></span> <span class='ocrx_word' id='word_1_319' title='bbox 622 4006 734 4094; x_wconf 80' lang='lat' dir='ltr'><em>Regis,</em></span> <span class='ocrx_word' id='word_1_320' title='bbox 755 4007 812 4097; x_wconf 79' lang='lat' dir='ltr'><em>qui</em></span> <span class='ocrx_word' id='word_1_321' title='bbox 830 3995 939 4074; x_wconf 76' lang='lat' dir='ltr'><em>istim</em></span> <span class='ocrx_word' id='word_1_322' title='bbox 947 3995 1200 4095; x_wconf 78' lang='lat' dir='ltr'><em>suitpresiyter&#39;</em></span> <span class='ocrx_word' id='word_1_323' title='bbox 1212 4022 1225 4068; x_wconf 87' lang='grc' dir='ltr'><em>ι</em></span> <span class='ocrx_word' id='word_1_324' title='bbox 1237 4019 1423 4073; x_wconf 70' lang='lat' dir='ltr'><em>oneum</em></span> <span class='ocrx_word' id='word_1_325' title='bbox 1440 4001 1481 4075; x_wconf 84' lang='lat' dir='ltr'><em>de</em></span> <span class='ocrx_word' id='word_1_326' title='bbox 1493 4002 1605 4089; x_wconf 76' lang='lat' dir='ltr'><em>India,</em></span> <span class='ocrx_word' id='word_1_327' title='bbox 1620 4009 1692 4100; x_wconf 74' lang='lat' dir='ltr'><em>pri·</em></span> 
     </span>
     <span class='ocr_line' id='line_1_36' title="bbox 497 4094 1699 4204; baseline -0.003 -26"><span class='ocrx_word' id='word_1_328' title='bbox 497 4131 545 4181; x_wconf 87' lang='lat' dir='ltr'><em>ono</em></span> <span class='ocrx_word' id='word_1_329' title='bbox 561 4125 664 4192; x_wconf 79' lang='lat' dir='ltr'><em>anno,</em></span> <span class='ocrx_word' id='word_1_330' title='bbox 695 4124 757 4204; x_wconf 74' lang='lat' dir='ltr'><em>pur</em></span> <span class='ocrx_word' id='word_1_331' title='bbox 771 4102 897 4198; x_wconf 75' lang='lat' dir='ltr'><em>inrogo</em></span> <span class='ocrx_word' id='word_1_332' title='bbox 914 4105 1012 4187; x_wconf 82' lang='lat' dir='ltr'><em>veni,</em></span> <span class='ocrx_word' id='word_1_333' title='bbox 1033 4098 1112 4167; x_wconf 87' lang='lat' dir='ltr'><em>mihi</em></span> <span class='ocrx_word' id='word_1_334' title='bbox 1127 4094 1283 4192; x_wconf 78' lang='lat' dir='ltr'><em>adhaese,</em></span> <span class='ocrx_word' id='word_1_335' title='bbox 1310 4118 1342 4169; x_wconf 90' lang='lat' dir='ltr'><em>et</em></span> <span class='ocrx_word' id='word_1_336' title='bbox 1359 4098 1404 4172; x_wconf 74' lang='lat' dir='ltr'><em>od</em></span> <span class='ocrx_word' id='word_1_337' title='bbox 1417 4108 1587 4183; x_wconf 77' lang='lat' dir='ltr'><em>veritatem</em></span> <span class='ocrx_word' id='word_1_338' title='bbox 1596 4126 1699 4186; x_wconf 83' lang='lat' dir='ltr'><em>verae</em></span> 
     </span>
    </p>
   </div>
   <div class='ocr_carea' id='block_1_5' title="bbox 1068 4197 1697 4306">
    <p class='ocr_par' dir='ltr' id='par_1_5' title="bbox 1068 4197 1697 4306">
     <span class='ocr_line' id='line_1_37' title="bbox 1068 4197 1697 4306; baseline -0.005 -11"><span class='ocrx_word' id='word_1_339' title='bbox 1068 4197 1135 4296; x_wconf 84' lang='lat' dir='ltr'><em>(P)</em></span> <span class='ocrx_word' id='word_1_340' title='bbox 1154 4212 1178 4284; x_wconf 81' lang='lat'><em>2.</em></span> <span class='ocrx_word' id='word_1_341' title='bbox 1607 4201 1697 4306; x_wconf 71' lang='lat' dir='ltr'><em>fidei</em></span> 
     </span>
    </p>
   </div>
   <div class='ocr_carea' id='block_1_6' title="bbox 0 0 2434 5200">
    <p class='ocr_par' dir='ltr' id='par_1_6' title="bbox 0 0 2434 5200">
     <span class='ocr_line' id='line_1_38' title="bbox 0 0 2434 5200; baseline 0 3"><span class='ocrx_word' id='word_1_342' title='bbox 0 0 2434 5200; x_wconf 95' lang='lat' dir='ltr'><em> </em></span> 
     </span>
    </p>
   </div>
  </div>
 </body>
</html>
