4859 5200
601 789 691 891 pafflc
699 787 911 885 satisfaciant
925 810 1150 889 competenter,
1184 814 1222 862 oc
1240 790 1385 882 occisores
1403 808 1526 889 quoque
1541 793 1750 891 clericusne,
1774 816 1807 868 et

607 890 831 988 Religiosarum
841 891 1089 990 personarumin
1098 889 1427 989 praedillisparsibns
1444 890 1625 988 constitutos
1640 896 1808 987 absoluere:

607 990 774 1066 dummodo
791 995 953 1086 Ecclefis's,
982 992 1203 1090 monasteriis,
1233 1013 1266 1064 et
1274 991 1416 1089 personis
1425 1010 1485 1088 per
1503 995 1559 1062 hoc
1571 990 1662 1087 laeso
1681 996 1809 1093 condig-

608 1118 682 1165 nam
691 1091 948 1186 satissaliionem
967 1092 1173 1191 impendant,
1207 1091 1350 1181 sundere
1371 1089 1505 1164 densos
1522 1091 1638 1166 ibidem
1658 1092 1812 1191 Ecclesiae

608 1201 645 1264 in
662 1196 768 1284 locis,
808 1193 865 1265 vbi
878 1218 941 1264 nors
955 1191 1031 1282 sures
1048 1192 1092 1264 ael
1113 1197 1188 1264 hoec
1204 1190 1369 1290 dislinlioe
1382 1189 1559 1287 dioeceses,
1593 1213 1625 1264 et
1639 1192 1811 1289 dioecesani
1911 1194 1914 1199 ’

609 1290 755 1390 Episcopi
780 1319 844 1365 saon
870 1294 1051 1384 habentur,
1084 1316 1116 1364 es
1132 1295 1244 1365 taliter
1251 1292 1409 1386 fundatis
1429 1290 1557 1369 idoneos
1573 1292 1734 1383 inslisuere
1746 1300 1813 1368 Re·

611 1392 739 1490 flores,
767 1417 801 1465 et
818 1396 910 1485 ilis,
945 1403 1002 1494 qui
1018 1394 1059 1465 de
1077 1392 1237 1492 praefatis
1248 1396 1376 1493 populis
1390 1402 1517 1466 nouiter
1526 1392 1659 1485 fecerint
1674 1399 1814 1493 conursfi

611 1491 689 1566 lare
705 1496 883 1585 licentiam,
897 1517 939 1567 vt
951 1495 1180 1589 'vxosessuas,
1204 1520 1274 1568 cum
1290 1495 1404 1594 quibus
1419 1502 1454 1565 in
1466 1492 1621 1588 gradibus
1638 1521 1658 1566 a
1677 1497 1743 1593 lege
1756 1499 1812 1571 di«

610 1602 692 1666 vissa
711 1620 775 1669 oon
792 1596 965 1693 prohibitis
987 1616 1246 1684 contraxerunt,
1280 1597 1577 1686 valeoncretinese,
1612 1593 1689 1667 dum
1705 1618 1811 1673 tamem

610 1697 689 1766 talis
705 1704 839 1768 retentio
855 1695 934 1794 ipsos
950 1703 1095 1790 coniuges
1111 1694 1155 1766 acl
1169 1697 1303 1767 mortale
1317 1720 1381 1767 saon
1394 1698 1581 1791 pertrahat,
1604 1717 1636 1766 et
1646 1695 1725 1790 fieri
1736 1719 1814 1796 pos·¹

602 1796 649 1891 st
666 1797 782 1896 absque
796 1799 984 1870 contumilia
1000 1799 1180 1872 creatores
1199 1818 1231 1866 et
1246 1795 1287 1868 de
1303 1795 1407 1896 cassffls
1423 1797 1721 1887 matrimonialibus,
1732 1826 1813 1898 quas

594 1898 804 1994 ,inpartibus
820 1899 882 1970 illis
898 1896 944 1971 ad
957 1896 1153 1970 audientiam
1168 1895 1322 1994 neplram,
1338 1896 1399 1990 sess
1415 1892 1582 1969 casiuslilet
1605 1897 1742 1992 veslrssm
1758 1899 1817 1975 de·

607 1997 696 2090 ferri
709 2007 874 2094 contigerit
890 2004 1028 2094 legitime
1045 1998 1235 2093 cognoscere,
1267 2025 1303 2070 ac
1321 1995 1536 2085 demandantes
1553 1996 1685 2089 incesse
1703 1999 1749 2070 ad
1762 2010 1816 2074 in·

614 2103 716 2167 vicem
733 2097 820 2195 quod
836 2099 880 2170 asl
890 2120 999 2194 pacem
1025 2121 1057 2169 ct
1079 2098 1273 2170 concordiam
1291 2098 1422 2169 redeant
1440 2156 1449 2186 ,
1483 2118 1515 2166 ee
1534 2095 1622 2192 quod
1633 2097 1817 2174 inordinate

617 2202 765 2265 vissentes
782 2195 822 2267 de
828 2197 900 2288 suis
917 2197 1098 2293 exceffibus,
1123 2197 1208 2287 scoot
1226 2196 1338 2289 isaslasm
1346 2192 1474 2284 fuerit,
1505 2214 1537 2264 et
1559 2192 1705 2290 expedire
1720 2199 1821 2273 vide·

618 2299 713 2382 sitis,
733 2293 992 2391 satissallionem
1003 2297 1181 2380 exhibeant,
1199 2295 1370 2388 compellere
1382 2314 1441 2391 per
1456 2291 1615 2385 secesseram
1630 2296 1819 2399 Ecclefiasli.

621 2417 688 2464 cam
703 2394 801 2465 libere
817 2396 966 2467 valeatis.
1035 2394 1186 2466 Volumus
1203 2390 1352 2489 insuper,
1387 2392 1473 2492 quael
1487 2401 1522 2464 in
1536 2403 1654 2490 tersis,
1681 2418 1714 2466 ec
1730 2402 1821 2493 locis,

620 2495 785 2593 inquibus
802 2521 862 2567 vos
877 2484 1029 2592 hospitari
1045 2500 1228 2588 eontigerit,
1256 2503 1290 2564 in
1306 2494 1368 2563 ilis
1384 2492 1563 2590 specialiter
1571 2504 1714 2591 porticam
1725 2518 1822 2596 prae·

620 2593 799 2688 liliorum,
820 2606 855 2670 iss
873 2599 988 2697 quibus
1003 2594 1199 2692 residentiam
1208 2592 1363 2690 facietis,
1380 2595 1517 2686 etiams
1529 2593 1646 2668 ibidem
1661 2600 1823 2698 Ecclefiae,

624 2700 681 2771 vel
696 2706 836 2770 oratoria
859 2725 922 2770 saon
940 2698 1101 2795 existant,
1135 2695 1250 2791 misam
1268 2718 1300 2767 ec
1321 2718 1423 2768 cetero
1438 2696 1552 2768 diuina
1569 2699 1746 2773 celebrandi
1760 2703 1826 2799 ⁰ffi·
1916 2759 1922 2768 .
1985 2795 1989 2814 .

625 2808 699 2892 sio,
732 2821 764 2871 et
778 2809 814 2873 iss
829 2800 945 2873 eisdem
958 2800 1107 2897 partibus
1132 2795 1334 2869 besseds'cessli
1363 2800 1572 2892 Coemeseria,
1609 2797 1827 2896 indulgentias

624 2900 747 2997 dandi,
772 2923 850 2975 vota
870 2900 1104 2989 commutandi,
1130 2927 1166 2971 ac
1181 2897 1279 2995 veslss
1287 2895 1522 2992 sacerdotales,
1551 2899 1689 2990 altario,
1716 2906 1828 3000 pallas,

626 3023 658 3074 et
674 3003 844 3097 corporalia
859 3028 915 3098 per
931 3027 1001 3092 eos,
1022 3010 1077 3097 qui
1097 3027 1137 3069 ex
1153 3000 1245 3070 vobis
1260 2999 1341 3088 ssssct
1352 2999 1525 3094 presbyteri
1540 2996 1754 3094 benedicendi,
1770 3007 1829 3096 vbi

628 3104 860 3173 catholicorum
876 3099 1095 3196 Episcoparrsm
1114 3107 1200 3191 copia
1217 3120 1281 3167 nors
1297 3096 1431 3168 habetur
1447 3152 1458 3186 ,
1492 3120 1548 3167 nec
1564 3121 1629 3169 seon
1644 3111 1749 3174 omnia
1763 3109 1831 3179 alia

630 3202 796 3293 etsngula
806 3200 979 3293 faciendi,
1016 3221 1097 3293 quae
1121 3195 1167 3267 ad
1179 3216 1380 3289 augmentum
1398 3193 1506 3266 diuini
1525 3205 1682 3296 nominis,
1717 3224 1749 3272 es
1764 3229 1829 3277 aros·

626 3301 811 3395 pliasiorsem
825 3298 976 3390 Ecclestoe
983 3295 1066 3386 fidei
1074 3350 1086 3388 ,
1101 3323 1136 3365 ac
1152 3295 1417 3390 reprobationm,
1443 3314 1475 3361 et
1493 3298 1831 3394 iritasionemillerssm,

631 3404 689 3496 qui
696 3394 800 3488 sacris
819 3394 1048 3468 traditionibus
1059 3394 1299 3488 contradicunt,
1321 3393 1405 3483 ficut
1416 3409 1475 3486 pro
1494 3391 1558 3459 locs
1576 3411 1607 3461 ec
1623 3411 1759 3491 tempore
1770 3409 1832 3482 vi·

633 3480 748 3571 derisi}
764 3496 929 3598 expedire,
964 3503 1167 3569 communiter
1190 3514 1222 3564 et
1233 3493 1437 3587 segalariser
1450 3489 1580 3562 liberam
1598 3493 1760 3568 licenciam
1775 3501 1834 3573 ha.

634 3600 744 3674 isatis.
796 3605 919 3676 Datum
943 3600 1062 3673 Romae
1077 3594 1164 3698 apul
1178 3590 1322 3683 sarlium
1339 3615 1534 3669 eercvac
1549 3592 1836 3700 Kclcol.Aprilis,

627 3725 709 3778 enno
727 3703 754 3778 l.
