4859 5200
974 618 1276 721 eluta·

518 746 595 827 tior
612 745 728 830 videti
743 746 871 844 vellet,
897 770 939 831 vt
957 753 996 832 ln
1014 753 1180 852 Natolia,
1205 754 1433 838 Christianos
1448 754 1584 842 omnes
1607 759 1719 844 libet·

519 865 593 927 tate
619 851 777 952 priuauit
803 872 840 929 et
858 874 1022 951 aeternae
1047 853 1218 959 seruituti
1242 855 1389 936 addixit.
1415 860 1479 952 (s)
1502 861 1550 938 Et
1573 863 1654 963 quis
1672 872 1719 942 o·''

477 980 479 984 ·
519 950 622 1029 mnia
649 951 730 1029 eius
752 973 800 1028 ex
821 950 899 1032 hoc
919 959 1053 1055 genere
1082 952 1248 1035 liteinora
1287 960 1507 1045 enumeret?
1532 961 1621 1043 Satis
1646 963 1719 1043 erit

421 1094 427 1103 ,
519 1047 662 1131 trillem
679 1048 785 1132 hunc
802 1049 933 1135 locum
962 1050 1126 1156 tetigisse.
1779 1080 1781 1087 ·

1069 1258 1105 1375 a.
1120 1262 1168 1348 11.

521 1470 524 1477 .
623 1399 768 1484 Tribus
777 1401 906 1483 'verbis
922 1424 987 1500 ea,
1021 1430 1114 1508 quae
1143 1407 1198 1485 rei
1224 1403 1447 1487 Christianae
1473 1380 1720 1489 inter'Tarra·
1736 1390 1869 1500 ΜΨ
2005 1464 2009 1471 -

522 1521 588 1582 ros
602 1502 687 1607 post
710 1521 1069 1585 Ttuvttaucvu
1091 1507 1323 1604 acciderunt,
1348 1530 1387 1586 ct
1403 1532 1498 1603 uuae
1517 1506 1627 1587 nobis
1642 1501 1786 1595 sunt'l?
1810 1478 1904 1548 CM·

522 1605 687 1703 cognita,
712 1602 856 1720 absolui·
868 1603 1025 1704 poliunt.
1055 1656 1057 1661 ,
1074 1605 1280 1684 Pauclffitni
1297 1607 1374 1686 hoc
1389 1629 1561 1708 tentpore
1577 1606 1723 1686 inTar·
1730 1577 1860 1744 βψ

522 1702 857 1784 tatia-occidentali
882 1705 1092 1804 supererant
1133 1707 1369 1805 Francil'cani,
1384 1729 1422 1787 et
1436 1705 1602 1810 populos
1619 1726 1726 1785 cunr·

550 1805 654 1884 rimis
689 1803 882 1885 montibus
907 1805 1042 1906 Caspiis
1070 1805 1219 1885 vicinos
1251 1809 1466 1887 inveritate
1496 1804 1724 1887 erudiebant.
1939 1810 1963 1858 θ
2050 1878 2053 1883 .

562 1929 658 2004 eque
675 1904 774 2007 spent
791 1928 948 1987 omnem
971 1906 1237 2007 deposuerant,
1264 1905 1364 2000 sore,
1393 1929 1432 1986 vt
1453 1911 1613 1985 maiores
1641 1898 1726 1983 reli·
1827 1958 1831 1963 -

524 2005 591 2101 gio
614 2026 730 2083 rnsv
755 2025 970 2088 cHRls'rr
995 2008 1091 2086 inter
1114 2029 1181 2086 eos
1200 2002 1333 2086 laceret
1358 2004 1590 2108 progressas,
1613 2002 1725 2080 duna·

527 2102 648 2192 ruodo
692 2101 788 2183 lures
803 2105 962 2193 adessent
982 2106 1091 2196 socii,
1116 2107 1286 2183 laborum
1306 2107 1510 2206 participes.
1551 2100 1728 2182 Miserant
1782 2128 1800 2144 „
1841 2124 1844 2129 ·

427 2288 429 2293 ¹
529 2129 695 2277 hancei
719 2199 874 2278 caussam
898 2204 1320 2305 n.oloccCLxllXXl.
1362 2218 1617 2283 nooaavnr
1651 2205 1730 2279 An·

529 2296 637 2396 glum
651 2315 691 2375 et
715 2314 788 2374 ΑΜ
801 2315 1021 2375 atrosrvnr
1046 2299 1240 2377 senensem
1258 2300 1301 2375 ad
1312 2301 1532 2389 Pontificem
1548 2303 1608 2400 (a)
1622 2322 1731 2380 eum·

530 2419 625 2496 que,
652 2419 690 2472 vt
715 2393 921 2475 nonnullos
944 2396 984 2475 in
1005 2396 1218 2476 Tartariam
1260 2396 1359 2476 abire
1382 2399 1526 2478 iuberet
1547 2394 1732 2499 euangelii

529 2514 756 2599 praecones,
780 2496 890 2575 enixe
907 2515 1149 2597 rogauerant:
1173 2497 1239 2593 qui
1255 2498 1408 2597 quidem
1424 2495 1634 2579 facultatem
1648 2490 1732 2601 ipis

531 2593 775 2689 concesserat,
798 2600 943 2676 Xllllll.¹
980 2597 1235 2682 Franciscanos
1264 2596 1438 2699 seligendi
1472 2622 1512 2679 et
1541 2595 1666 2680 seeum
1685 2596 1733 2698 ¹in

533 2693 654 2780 Aliam
670 2695 886 2778 deducendi.
936 2695 1007 2777 Sed
1023 2689 1347 2798 legationis-huius
1362 2719 1520 2782 euentus
1541 2692 1733 2782 obaudio·

537 2793 707 2882 uotiuis
732 2822 820 2880 non
853 2797 904 2879 esl
943 2819 1286 2897 commemoratus,
1318 2823 1390 2880 nec
1417 2799 1563 2880 idcirco
1601 2795 1734 2896 nobis,

588 2922 632 2982 os
646 2897 710 2982 fibi
726 2898 973 2979 adiunxerant
989 2897 1132 2994 socios,
1156 2923 1194 2978 et
1207 2922 1255 2978 an
1271 2901 1434 2982 omnino
1451 2900 1496 2980 ad
1510 2904 1595 2981 tuoe
1610 2918 1752 2999 reuer-v

591 2998 681 3098 lint,
705 3000 900 3084 adfirmare
933 3000 1029 3076 licet.
1080 3004 1123 3077 A.
1138 3001 1442 3079 cloccccxllll.
1467 3000 1646 3103 principis
1668 3021 1735 3080 eu·

538 3101 683 3181 iusdam
699 3087 1061 3193 Tartarorutnlilia',
1085 3118 1179 3194 quae
1196 3098 1237 3176 in
1252 3100 1502 3216 captiuitatem
1516 3093 1674 3180 abnuet
1695 3113 1736 3177 et
1870 3128 1876 3135 ·

540 3219 814 3281 aretinum
828 3199 967 3296 Regina
978 3194 1215 3297 Neapolitana
1226 3197 1361 3275 diurnis
1385 3200 1591 3300 praeceptis
1614 3191 1736 3276 imbui

540 3295 628 3374 iussa
643 3315 742 3389 erat,
762 3296 969 3390 virginitate
987 3316 1161 3394 perpetua
1180 3295 1213 3369 se
1230 3299 1315 3369 Deo
1332 3294 1481 3385 dicasse,
1505 3321 1547 3372 ac
1563 3293 1735 3382 habiturn

541 3389 739 3489 monialis,
763 3413 875 3490 quant
890 3412 1039 3486 vocant,
1054 3388 1236 3487 suscepisse
1252 3385 1377 3465 fertur.
1401 3388 1463 3480 lb)
1486 3392 1591 3468 Htec
1605 3389 1737 3470 omnia

541 3492 619 3579 fere
634 3494 737 3587 sunt,
757 3514 850 3596 quae
874 3488 1028 3572 vetustas
1052 3485 1161 3568 nobis
1184 3486 1437 3585 conseruauit,
1465 3485 1528 3572 nili
1550 3486 1628 3570 huc
1650 3507 1737 3576 earn

541 3592 680 3682 referre
697 3590 785 3674 velis
802 3589 1049 3694 legationem,
1073 3612 1197 3772 quan&
1193 3585 1383 3691 presbyter
1403 3607 1671 3776 tolleraret?
1693 3582 1740 3669 ad

1204 3716 1227 3772 2
1671 3712 1744 3772 on·

590 3945 636 4030 (a)
656 3943 738 4012 ibid.
754 3938 1020 4030 romuleae
1056 3963 1070 3976 ·

581 4075 632 4159 (a)
651 4085 779 4140 uacat
796 4078 1002 4135 varannae.
1026 4049 1519 4145 RVllll.p.ras.dpptudN.c

587 4189 638 4282 lb)
655 4189 900 4271 amarentur
931 4169 1474 4259 narensrmmeexem.
1599 4171 1636 4226 ·,
