4859 5200
516 741 651 834 muudi,
676 750 772 815 etiam
790 740 927 841 denique
945 749 1049 812 vitam
1063 750 1226 838 propriam
1244 762 1276 811 rt
1287 741 1444 835 suarum,
1461 751 1566 838 regnis
1582 764 1740 839 tempora·

517 845 602 917 libus
621 844 883 941 praeferendam,
909 844 964 926 iio
984 865 1050 913 tam
1070 842 1321 940 detestabilibus,
1339 865 1468 942 tamque
1481 845 1634 941 probrosts
1653 869 1738 916 cam·

511 946 643 1043 feudiis
656 945 865 1042 praesensere.
913 948 1029 1015 Sarsari
1047 953 1159 1042 quippe
1177 971 1404 1044 nonnunquam
1417 957 1522 1041 piguit
1540 956 1631 1017 viras
1648 945 1730 1040 sar·
1801 1020 1812 1037 ,

518 1068 587 1134 tes,
616 1064 686 1118 cum
700 1043 911 1134 suaderentur
926 1055 972 1114 eis
997 1052 1105 1141 turpia
1126 1045 1265 1117 remedia
1287 1044 1482 1122 medicinae‚·
1508 1045 1627 1140 ssttirts·
1641 1047 1733 1118 iudi·

518 1169 626 1219 cantes
635 1145 775 1238 fortiter
791 1155 872 1215 mori
882 1201 892 1232 ,
911 1171 1005 1242 quam
1017 1155 1134 1216 uiuere
1158 1145 1342 1241 criminose:
1365 1152 1418 1217 'et
1440 1147 1595 1242 generose.
1619 1154 1738 1217 animis

514 1244 690 1345 aliquanda
705 1245 834 1341 dignius
849 1245 952 1338 visum
962 1245 1038 1338 sicit
1056 1246 1139 1344 trisli
1161 1247 1242 1344 affici
1268 1249 1384 1339 exilia,
1426 1273 1524 1349 quam
1549 1273 1643 1342 regna
1667 1272 1737 1319 cum
1879 1248 1882 1253 ’

510 1347 653 1447 pudore,
668 1347 829 1441 acscelere
843 1346 1010 1446 pusulae,
1033 1357 1108 1446 quia
1124 1351 1176 1420 nil
1187 1348 1309 1444 pradesl
1326 1354 1447 1421 bamini
1479 1348 1634 1421 mundam
1660 1355 1737 1419 ani·

514 1448 642 1544 uersum
661 1452 801 1538 lucrari,
820 1474 890 1521 sum
916 1458 1040 1520 animae
1059 1460 1203 1546 propriae
1233 1450 1434 1522 detrimenta.
1489 1451 1579 1544 Λάβε
1595 1457 1735 1545 igitura

508 1571 550 1623 tt
557 1550 615 1645 fili
631 1551 818 1650 charisma,
836 1575 877 1621 vt
888 1571 947 1648 pro
964 1576 1157 1650 quocumque
1175 1553 1357 1648 temporalis
1363 1551 1544 1642 fortunae,
1569 1553 1628 1621 vel
1639 1549 1734 1644 salu·

514 1659 560 1723 tis
577 1652 715 1723 vitanda
728 1653 868 1748 pericula
887 1678 923 1722 ea
959 1676 1103 1749 anquam
1119 1650 1274 1743 infamiae
1292 1652 1393 1741 nube,
1430 1650 1588 1742 obscurari
1604 1648 1731 1744 corfin-

480 1824 481 1829 ,
513 1763 580 1826 tias
597 1755 757 1825 claritatis
775 1775 851 1824 tuae
869 1753 1006 1839 titulus
1039 1773 1098 1822 aut
1125 1779 1160 1823 eo
1189 1754 1345 1824 maculari
1362 1773 1515 1851 perpetuo
1542 1759 1733 1849 ignominiae

511 1855 675 1953 opprobria
696 1854 909 1949 calstaolincm
926 1860 1015 1948 regni
1032 1860 1102 1943 tui,
1127 1853 1213 1952 quad
1226 1854 1418 1950 abruptura
1434 1852 1731 1953 carparefidclium,

512 1977 546 2028 et
553 1955 654 2047 faedo
664 1955 800 2048 faedare
825 1954 1008 2050 infidelibus
1028 1955 1213 2028 nationibus
1231 1956 1395 2054 capulatus
1402 1954 1471 2050 fias
1489 1955 1529 2027 de
1552 1976 1731 2056 propugna·
1837 1982 1841 1987 ·

513 2076 581 2126 tore
597 2057 767 2150 Chrisliani
783 2066 921 2127 nominis
934 2055 1081 2151 fidelium
1102 2065 1311 2153 impugnator.
1351 2056 1433 2128 Vide
1450 2063 1565 2152 quanti
1582 2055 1649 2124 adii
1665 2055 1727 2126 tibi

508 2173 677 2251 praepares
692 2165 858 2225 materiam
868 2211 878 2241 ‚
886 2156 921 2249 st
934 2154 1086 2246 aduersus
1102 2155 1278 2250 domeslicas
1286 2154 1388 2248 fidei,
1413 2179 1508 2251 quam
1522 2149 1729 2250 projefflsces,

511 2261 548 2327 in
565 2277 673 2323 arcum
686 2234 864 2350 ptffimunl‚
881 2253 968 2348 quad
982 2251 1073 2321 artie
1088 2252 1128 2346 ‘st
1143 2252 1314 2337 horribile,
1339 2263 1511 2323 vertereris
1521 2252 1542 2330 ,·''
1565 2275 1597 2324 et
1612 2242 1672 2351 ptr
1695 2272 1730 2326 tc

512 2352 558 2427 ιά
574 2351 802 2449 impugnandos
817 2354 898 2423 alias
913 2358 1090 2448 principes,
1108 2373 1141 2422 et
1153 2354 1285 2449 papulas
1301 2352 1493 2448 Chrislianas
1510 2355 1653 2427 barbaris
1666 2379 1727 2428 na·

512 2455 654 2527 simibus
669 2453 781 2526 aditus
791 2451 998 2549 panderetur.
1051 2451 1117 2525 Sed
1131 2451 1220 2550 esta,
1254 2453 1341 2553 quad
1356 2453 1401 2525 ad
1413 2454 1613 2528 emaendom
1630 2480 1729 2555 quae·

508 2583 633 2657 cunque
647 2550 935 2730 discriminspposet
951 2554 1069 2654 absque
1081 2555 1204 2652 pudore
1220 2552 1410 2649 carrsufianis
1429 2554 1567 2629 admitti·
1589 2554 1726 2630 remedi·

507 2686 562 2735 um
579 2657 762 2731 huiusmodi
774 2684 816 2756 pa
850 2665 977 2746 ionum,
995 2653 1243 2753 credendumefl
1268 2680 1375 2730 tamen
1397 2658 1479 2731 illud
1502 2683 1566 2731 non
1580 2657 1725 2753 salutern

507 2784 598 2837 tuam
613 2763 672 2833 arel
683 2769 772 2854 regni
787 2767 856 2845 rui,
866 2757 931 2853 sed
940 2760 1120 2856 periculum
1137 2766 1306 2834 continere.
1351 2762 1540 2832 Pateseuim
1553 2784 1723 2857 argumen-
1795 2807 1801 2816 ·

420 2913 422 2918 .
506 2874 552 2938 tis
571 2862 772 2937 euidentibus
788 2855 945 2957 didicisse,
971 2858 1060 2961 quad
1068 2858 1231 2958 praedilli
1248 2854 1385 2934 Tartari
1403 2882 1463 2958 ptr
1478 2860 1641 2957 insidiosas
1663 2882 1724 2961 pa·

507 2965 647 3038 ilianum
664 2963 843 3036 tendiculas
858 2967 966 3058 plures
973 2983 1085 3056 gentes
1091 2959 1284 3055 seduxerint
1301 2972 1336 3033 iu
1363 2965 1492 3061 laqueos
1515 2963 1724 3062 inexplicali·
1748 3001 1750 3006 ·

506 3070 550 3141 lr's
566 3072 740 3162 captionis,
753 3065 805 3134 ilo
818 3072 1056 3157 praerogatiuae
1069 3063 1238 3155 priuilegio
1255 3060 1345 3158 apud
1358 3088 1409 3133 tas
1419 3064 1561 3157 gandera
1577 3090 1642 3136 nan
1662 3085 1723 3164 pa·

509 3176 609 3255 reris,
626 3163 735 3235 uttili
746 3160 982 3258 promiscuum,
1001 3181 1285 3261 conuentorumqut
1295 3161 1429 3256 suarum
1435 3162 1568 3258 seruent
1583 3165 1724 3264 conflara-

507 3265 608 3351 tr'am‘,
626 3285 723 3358 quam
741 3264 816 3330 aliis
835 3284 898 3330 nan
915 3257 1089 3351 obseruare.
1141 3263 1235 3333 Cerco
1253 3285 1361 3357 nempe
1375 3262 1460 3356 fidei
1476 3267 1608 3337 vincula
1632 3287 1722 3338 tene·

506 3373 538 3438 ri
556 3379 737 3461 nequeunt,
754 3383 824 3429 cum
839 3381 950 3429 aeram
963 3358 1061 3451 selem
1076 3384 1140 3430 nan
1153 3361 1289 3430 habeant
1306 3357 1470 3451 infideles,
1486 3372 1564 3459 quia
1590 3388 1647 3434 nec
1663 3371 1676 3433 r‘
1685 3364 1723 3458 fi

506 3467 669 3561 relegionis
685 3458 804 3557 nostae
817 3458 1031 3553 sacramentis
1058 3458 1205 3534 indicant
1225 3456 1351 3556 pandus
1374 3456 1577 3533 anllaritatis
1609 3469 1662 3534 ine
1681 3490 1720 3558 t,

505 3594 563 3645 nec
569 3563 782 3659 sacramentis
792 3562 963 3657 gentilium
977 3558 1302 3657 indubitatamfiolem
1317 3561 1408 3634 hamo
1423 3559 1554 3636 adhibet
1568 3563 1720 3664 Chrestia-

504 3695 578 3747 nuc.
636 3667 846 3739 Matrimonii
871 3688 995 3765 quoque
1020 3688 1145 3753 nexus,
1174 3687 1233 3736 rtcc
1256 3659 1432 3762 cimflim
1450 3686 1631 3765 longow,
1656 3692 1719 3743 nte

504 3767 717 3867 christianum
728 3787 851 3865 pagana
866 3773 1048 3862 coniungit,
1076 3771 1155 3863 qaia
1170 3771 1268 3838 etiam
1286 3774 1373 3837 inter
1394 3764 1474 3865 ipsas
1491 3787 1634 3866 paganos
1658 3791 1691 3844 tt

503 3896 618 3948 verum
625 3870 693 3966 fit,
721 3890 827 3941 tamen
840 3885 970 3965 propter
989 3864 1152 3960 desellum
1167 3866 1253 3963 filei
1276 3891 1340 3941 nan
1355 3865 1397 3964 es
1421 3890 1549 3960 ratum,
1573 3891 1609 3944 cc
1624 3770 1718 3967 ⁸insti

499 3971 648 4074 parabile
663 3969 749 4067 apud
764 3995 816 4043 eas
833 3976 1034 4046 matrimonii
1045 3965 1292 4063 sacramentum.
1343 3972 1381 4043 Si
1395 3997 1486 4069 erga,
1514 3971 1602 4072 quad
1613 3969 1713 4065 abst,

492 4076 625 4176 filium,
648 4071 707 4146 val
711 4071 822 4170 sliam
839 4090 930 4145 tuatn
946 4075 1110 4168 contingat
1119 4071 1255 4168 gentilis
1261 4073 1416 4150 amnniii
1434 4082 1575 4171 contagio
1604 4095 1714 4252 caponu-

1699 4229 1716 4273 r
