4859 5200
999 736 1005 745 ,
1200 657 1259 729 «re
1281 639 1297 736 i
1321 653 1382 742 134
1414 641 1514 732 is·
1530 695 1550 732 2

760 791 839 865 laeti
848 788 1069 882 percepimus,
1092 772 1137 849 od
1149 774 1363 875 sponscesuoe
1376 776 1576 865 'tirolemum⁸
1596 772 1698 864 senili
1706 776 1847 872 Spiritus
1862 776 1963 846 lumi·

759 913 802 960 ne
818 881 1029 973 illucescente,
1063 877 1206 950 direxit:
1233 896 1398 974 propterea
1418 879 1519 947 Deum
1537 874 1673 970 nostrum
1691 875 1873 968 insalutati
1888 881 1960 946 eius

762 993 870 1059 mimo
886 979 987 1078 nosra
1002 976 1197 1071 magnificat,
1223 1002 1343 1075 nosque
1357 984 1391 1046 in
1409 995 1441 1046 te
1456 975 1552 1046 iubilo
1568 972 1670 1045 cordis
1680 996 1712 1045 et
1721 974 1964 1071 spiritusexul·

763 1106 879 1157 turnus.
932 1079 1048 1154 Verum
1063 1075 1209 1173 estsuper
1236 1096 1268 1147 te
1286 1098 1446 1174 tamquam
1469 1073 1598 1168 dignum
1615 1071 1839 1146 benediliionis
1849 1072 1965 1169 filium

758 1203 929 1283 perpetuae
940 1187 1029 1280 pacis
1037 1176 1109 1272 selo
1126 1177 1342 1274 tranquillitas
1360 1164 1550 1274 requiescat,
1577 1176 1725 1246 volumus
1742 1195 1774 1245 te
1785 1173 1968 1270 prudenter

762 1281 939 1380 agnoscere,
966 1277 1052 1379 quod
1067 1284 1152 1349 inter
1167 1298 1306 1360 caetero,
1335 1299 1415 1375 quoe
1430 1295 1464 1346 te.
1477 1276 1612 1369 dirigere
1624 1272 1746 1372 posunt
1760 1271 1968 1374 reliisgreffl·

762 1384 823 1456 lus
838 1380 884 1453 ad
894 1378 1051 1473 salutem,
1077 1380 1151 1449 haec
1168 1374 1330 1449 recolendo
1339 1374 1429 1466 folii
1447 1383 1593 1446 mernorio
1609 1384 1809 1447 aetatis-tuae
1827 1396 1986 1473 tempora·

757 1481 889 1579 suturis
897 1480 1015 1575 seculis
1034 1475 1237 1550 colaudanda
1253 1475 1442 1563 mandabit,
1467 1476 1501 1570 s
1513 1475 1645 1568 subditi·
1663 1484 1713 1547 tui
1729 1476 1841 1549 viuida
1860 1503 1895 1548 ac
1914 1485 1973 1547 in.

763 1578 900 1656 diuiluo
916 1579 1053 1675 ecclefiae
1070 1579 1238 1650 catholicae
1255 1583 1374 1673 corpori
1389 1572 1433 1647 od
1451 1583 1724 1673 perticipationem
1748 1580 1971 1674 vitalisspiri·

765 1702 821 1755 tus
836 1679 1079 1778 tuapsudentia
1096 1688 1312 1773 iungerentur.
1363 1678 1477 1769 Quare
1501 1676 1697 1749 nobilitatem
1715 1697 1803 1753 tuam
1822 1684 1972 1774 paternis
2010 1714 2013 1721 ·

765 1803 910 1874 rogamus
927 1801 959 1847 et
975 1783 1139 1849 hortamur
1154 1775 1336 1875 offellilus‚
1363 1803 1399 1847 ac
1409 1795 1469 1872 per
1485 1773 1547 1872 (2)
1574 1780 1637 1847 Dei
1653 1775 1895 1867 misericordiam
1913 1778 1971 1847 ol·

757 1876 941 1973 finanus,
968 1877 1087 1973 tibique
1103 1885 1137 1946 io
1148 1876 1343 1974 remifflonem
1358 1883 1550 1969 iniungimus
1563 1896 1779 1972 peccatorum,
1811 1899 1971 1978 quatenus

717 2016 720 2035 ·
766 1975 1002 2071 inaeslimalilir
1015 1975 1089 2046 boni
1099 1988 1274 2072 proemium
1286 1995 1344 2073 pro
1362 1973 1478 2046 eiselem
1486 1975 1629 2068 subditis
1635 1978 1831 2073 procurando
1844 2036 1853 2065 ‚
1862 1979 1907 2073 sc
1919 2005 1972 2049 res
2084 2040 2087 2045 .

760 2075 859 2173 seliti
881 2073 1001 2148 ducatu
1025 2074 1146 2169 dirigas
1169 2074 1214 2146 acl
1228 2074 1396 2167 salutem,
1434 2074 1521 2172 quod
1532 2096 1587 2147 tuo
1599 2074 1736 2168 seclutari
1753 2080 1872 2174 conslie
1881 2070 1972 2171 sacri

651 2193 655 2201 ’
712 2218 718 2227 -
766 2177 968 2274 baptismatis
983 2173 1074 2247 undo
1089 2181 1193 2246 renati
1210 2178 1279 2266 Deo
1302 2194 1336 2244 et
1360 2175 1480 2268 angelis
1495 2183 1585 2266 eius,
1603 2249 1611 2262 ,
1628 2184 1663 2247 in
1685 2188 1895 2250 commuuione
1913 2180 1974 2278 (3)

702 2343 704 2347 .
759 2272 945 2370 stallorum
959 2295 993 2344 et
1008 2281 1284 2357 communicatione
1293 2275 1350 2368 (4)
1364 2273 1473 2363 sceniii
1489 2277 1630 2372 Spiritus
1645 2276 1972 2376 vniontccrinsepara·

766 2375 826 2449 lili
838 2371 969 2466 soedere
986 2375 1171 2465 charitatis,
1199 2374 1296 2474 idque
1305 2395 1337 2447 te
1345 2383 1380 2445 in
1386 2373 1618 2469 sublimitatem
1632 2380 1752 2472 glorios
1771 2379 1902 2474 celsioris
1910 2379 1974 2453 acl·

732 2527 736 2535 ‹
765 2473 895 2551 elucets
922 2493 954 2545 et
970 2473 1104 2569 nosram
1123 2474 1239 2547 deinde
1259 2465 1410 2547 et'elliloe
1418 2471 1504 2568 sellis
1526 2475 1770 2550 benedillionem
1785 2502 1815 2552 et
1830 2490 1972 2574 graciam

764 2576 894 2677 'plenius
909 2582 1071 2649 merearis.
1150 2577 1315 2646 Caeterum
1342 2600 1410 2645 eum
1430 2572 1538 2648 lilius
1554 2575 1605 2674 (ς)
1634 2577 1759 2678 episcopi
1775 2604 1807 2654 et
1814 2581 1895 2677 socii
1912 2572 1974 2680 'pro

766 2696 826 2748 tuo
839 2670 1060 2773 liliorumque
1091 2676 1253 2773 opulorum
1261 2673 1579 2772 procurandascluee
1604 2678 1648 2750 ael
1664 2700 1781 2776 portes,
1796 2682 1876 2781 ipsas
1902 2709 1973 2755 cum

766 2772 995 2850 benediliionis
1009 2694 1128 2868 nassae
1148 2783 1256 2866 gratia
1274 2796 1478 2845 reuertamur
1500 2776 1544 2846 ael
1558 2778 1733 2873 praesens,
1783 2778 1973 2881 quaesumus

678 2869 685 2882 ‘
755 2865 839 2967 μ’,
864 2885 1077 2956 retromeat,
1105 2892 1202 2966 quom
1218 2872 1300 2941 alios
1318 2870 1508 2968 Chrislianos
1525 2883 1561 2945 in
1584 2876 1701 2950 eisdem
1723 2884 1870 2976 partibus
1892 2907 1973 2955 som-

623 2982 625 2986 ’
747 2977 929 3041 'morarctes
946 2985 1006 3061 pro
1029 2963 1149 3040 ¹diuina
1172 2991 1205 3042 et
1228 2967 1334 3043 lilios
1351 2968 1436 3062 sedis
1461 2999 1496 3043 oe
1520 2974 1622 3068 nesso
1649 2992 1826 3054 reuerentia
1844 2984 1974 3079 benigue

734 3165 736 3170 Ι
763 3062 988 3173 percellimus,
1016 3091 1068 3140 eor
1077 3065 1252 3159 fauoribus
1269 3078 1394 3145 munias
1410 3086 1592 3170 opportunis
1609 3136 1619 3167 ,
1658 3102 1792 3179 tuaeque
1802 3083 1974 3181 priteiiio·

767 3175 822 3243 uir
837 3166 971 3238 auxiliis
988 3166 1166 3265 o'molessiis
1181 3179 1303 3244 tuearis
1328 3228 1338 3260 ‚
1373 3192 1407 3243 et
1430 3182 1465 3245 in
1489 3177 1636 3249 libertate
1653 3182 1765 3276 plenae
1783 3184 1973 3275 securitatis

767 3286 973 3370 moneas
989 3288 1022 3343 ee
1038 3268 1204 3369 conserues.
1260 3273 1341 3355 Dat.
1355 3275 1457 3354 Auin.
1473 3276 1521 3353 X.
1537 3280 1615 3371 Kol.
1635 3282 1973 3363 DecembrisannsVi.
2018 3341 2026 3364 c

1262 3487 1328 3585 Ν.
1379 3440 1490 3588 ιν.Ι

810 3639 869 3719 Ex
893 3655 1180 3722 wunmrsco
1203 3641 1409 3744 viifiepra.

866 3768 1022 3839 Vniuerfis
1035 3795 1090 3863 pet
1105 3773 1320 3846 'furiatorum
1343 3779 1516 3870 Imperium
1541 3784 1733 3872 aquilonare
1753 3790 1924 3860 constitutis
1942 3794 1977 3863 in

832 3929 834 3934 ,
935 3855 1109 3929 obedientia
1123 3860 1389 3952 perseuerantibus
1403 3868 1602 3959 Apauortene
1618 3876 1713 3945 Sedis
1931 3872 1935 3876 ⁵

1860 3996 1977 4071 Demi.

770 4100 1975 4154 Μ

809 4164 859 4255 (2)
879 4178 990 4253 alque·
1005 4166 1054 4241 ld
1077 4173 1125 4257 (3)
1145 4173 1379 4247 commonui.
1400 4178 1761 4267 (4)oommunicate,1i.
1782 4192 1829 4276 (5)
1842 4184 1977 4264 diocto
